@ARTICLE{2009CSci...97..841C,
   author = {{Choudhury}, T.~R.},
    title = "{Analytical Models of the Intergalactic Medium and Reionization}",
  journal = {Current Science},
archivePrefix = "arXiv",
   eprint = {0904.4596},
 primaryClass = "astro-ph.CO",
 keywords = {Astrophysics - Cosmology and Extragalactic Astrophysics},
     year = 2009,
    month = sep,
   volume = 97,
    pages = {841},
   adsurl = {http://adsabs.harvard.edu/abs/2009CSci...97..841C},
  adsnote = {Provided by the SAO/NASA Astrophysics Data System}
}

@BOOK{2010hdfs.book.....L,
   author = {{Loeb}, A.},
    title = "{How Did the First Stars and Galaxies Form?}",
booktitle = {How Did the First Stars and Galaxies Form? By Abraham Loeb.~Princeton University Press, 2010.~ISBN: 978-1-4008-3406-8},
     year = 2010,
   adsurl = {http://adsabs.harvard.edu/abs/2010hdfs.book.....L},
  adsnote = {Provided by the SAO/NASA Astrophysics Data System}
}

@ARTICLE{2010MNRAS.406.2267F,
   author = {{Fakhouri}, O. and {Ma}, C.-P. and {Boylan-Kolchin}, M.},
    title = "{The merger rates and mass assembly histories of dark matter haloes in the two Millennium simulations}",
  journal = {\mnras},
archivePrefix = "arXiv",
   eprint = {1001.2304},
 primaryClass = "astro-ph.CO",
 keywords = {galaxies: formation, cosmology: theory, dark matter, large-scale structure of Universe},
     year = 2010,
    month = aug,
   volume = 406,
    pages = {2267-2278},
      doi = {10.1111/j.1365-2966.2010.16859.x},
   adsurl = {http://adsabs.harvard.edu/abs/2010MNRAS.406.2267F},
  adsnote = {Provided by the SAO/NASA Astrophysics Data System}
}

@ARTICLE{2005MNRAS.361..577C,
   author = {{Choudhury}, T.~R. and {Ferrara}, A.},
    title = "{Experimental constraints on self-consistent reionization models}",
  journal = {\mnras},
   eprint = {arXiv:astro-ph/0411027},
 keywords = {intergalactic medium, cosmology: theory, large-scale structure of Universe},
     year = 2005,
    month = aug,
   volume = 361,
    pages = {577-594},
      doi = {10.1111/j.1365-2966.2005.09196.x},
   adsurl = {http://adsabs.harvard.edu/abs/2005MNRAS.361..577C},
  adsnote = {Provided by the SAO/NASA Astrophysics Data System}
}

@ARTICLE{2006MNRAS.371L..55C,
   author = {{Choudhury}, T.~R. and {Ferrara}, A.},
    title = "{Updating reionization scenarios after recent data}",
  journal = {\mnras},
   eprint = {arXiv:astro-ph/0603617},
 keywords = {intergalactic medium: cosmology: theory: large-scale structure of Universe, intergalactic medium, cosmology: theory, large-scale structure of Universe},
     year = 2006,
    month = sep,
   volume = 371,
    pages = {L55-L59},
      doi = {10.1111/j.1745-3933.2006.00207.x},
   adsurl = {http://adsabs.harvard.edu/abs/2006MNRAS.371L..55C},
  adsnote = {Provided by the SAO/NASA Astrophysics Data System}
}

@ARTICLE{2004ApJ...617..693D,
   author = {{Daigne}, F. and {Olive}, K.~A. and {Vangioni-Flam}, E. and 
	{Silk}, J. and {Audouze}, J.},
    title = "{Cosmic Star Formation, Reionization, and Constraints on Global Chemical Evolution}",
  journal = {\apj},
   eprint = {arXiv:astro-ph/0405355},
 keywords = {Cosmology: Theory, Galaxies: Evolution, Galaxy: Evolution, Nuclear Reactions, Nucleosynthesis, Abundances, Stars: Evolution},
     year = 2004,
    month = dec,
   volume = 617,
    pages = {693-706},
      doi = {10.1086/425649},
   adsurl = {http://adsabs.harvard.edu/abs/2004ApJ...617..693D},
  adsnote = {Provided by the SAO/NASA Astrophysics Data System}
}

@ARTICLE{2010ApJ...718.1001B,
   author = {{Bouch{\'e}}, N. and {Dekel}, A. and {Genzel}, R. and {Genel}, S. and 
	{Cresci}, G. and {F{\"o}rster Schreiber}, N.~M. and {Shapiro}, K.~L. and 
	{Davies}, R.~I. and {Tacconi}, L.},
    title = "{The Impact of Cold Gas Accretion Above a Mass Floor on Galaxy Scaling Relations}",
  journal = {\apj},
archivePrefix = "arXiv",
   eprint = {0912.1858},
 primaryClass = "astro-ph.CO",
 keywords = {cosmology: observations, galaxies: evolution, galaxies: high-redshift},
     year = 2010,
    month = aug,
   volume = 718,
    pages = {1001-1018},
      doi = {10.1088/0004-637X/718/2/1001},
   adsurl = {http://adsabs.harvard.edu/abs/2010ApJ...718.1001B},
  adsnote = {Provided by the SAO/NASA Astrophysics Data System}
}

@ARTICLE{2012ApJ...753...16K,
   author = {{Krumholz}, M.~R. and {Dekel}, A.},
    title = "{Metallicity-dependent Quenching of Star Formation at High Redshift in Small Galaxies}",
  journal = {\apj},
archivePrefix = "arXiv",
   eprint = {1106.0301},
 primaryClass = "astro-ph.CO",
 keywords = {cosmology: theory, galaxies: formation, galaxies: high-redshift, galaxies: ISM, ISM: molecules, stars: formation },
     year = 2012,
    month = jul,
   volume = 753,
      eid = {16},
    pages = {16},
      doi = {10.1088/0004-637X/753/1/16},
   adsurl = {http://adsabs.harvard.edu/abs/2012ApJ...753...16K},
  adsnote = {Provided by the SAO/NASA Astrophysics Data System}
}

@ARTICLE{2001PhR...349..125B,
   author = {{Barkana}, R. and {Loeb}, A.},
    title = "{In the beginning: the first sources of light and the reionization of the universe}",
  journal = {\physrep},
   eprint = {arXiv:astro-ph/0010468},
     year = 2001,
    month = jul,
   volume = 349,
    pages = {125-238},
      doi = {10.1016/S0370-1573(01)00019-9},
   adsurl = {http://adsabs.harvard.edu/abs/2001PhR...349..125B},
  adsnote = {Provided by the SAO/NASA Astrophysics Data System}
}

@ARTICLE{2006ApJ...647..773D,
   author = {{Daigne}, F. and {Olive}, K.~A. and {Silk}, J. and {Stoehr}, F. and 
	{Vangioni}, E.},
    title = "{Hierarchical Growth and Cosmic Star Formation: Enrichment, Outflows, and Supernova Rates}",
  journal = {\apj},
   eprint = {arXiv:astro-ph/0509183},
 keywords = {Cosmology: Theory, Galaxy: Evolution, Nuclear Reactions, Nucleosynthesis, Abundances, Stars: Evolution},
     year = 2006,
    month = aug,
   volume = 647,
    pages = {773-786},
      doi = {10.1086/503092},
   adsurl = {http://adsabs.harvard.edu/abs/2006ApJ...647..773D},
  adsnote = {Provided by the SAO/NASA Astrophysics Data System}
}

@ARTICLE{2000ApJ...530....1M,
   author = {{Miralda-Escud{\'e}}, J. and {Haehnelt}, M. and {Rees}, M.~J.
	},
    title = "{Reionization of the Inhomogeneous Universe}",
  journal = {\apj},
   eprint = {arXiv:astro-ph/9812306},
 keywords = {COSMOLOGY: THEORY, GALAXIES: INTERGALACTIC MEDIUM, COSMOLOGY: LARGE-SCALE STRUCTURE OF UNIVERSE, GALAXIES: QUASARS: ABSORPTION LINES},
     year = 2000,
    month = feb,
   volume = 530,
    pages = {1-16},
      doi = {10.1086/308330},
   adsurl = {http://adsabs.harvard.edu/abs/2000ApJ...530....1M},
  adsnote = {Provided by the SAO/NASA Astrophysics Data System}
}

@ARTICLE{2007MNRAS.377..285S,
   author = {{Samui}, S. and {Srianand}, R. and {Subramanian}, K.},
    title = "{Probing the star formation history using the redshift evolution of luminosity functions}",
  journal = {\mnras},
   eprint = {arXiv:astro-ph/0612271},
 keywords = {galaxies: formation, galaxies: high-redshift, galaxies: luminosity function, mass function, cosmology: theory, early Universe},
     year = 2007,
    month = may,
   volume = 377,
    pages = {285-299},
      doi = {10.1111/j.1365-2966.2007.11603.x},
   adsurl = {http://adsabs.harvard.edu/abs/2007MNRAS.377..285S},
  adsnote = {Provided by the SAO/NASA Astrophysics Data System}
}

@ARTICLE{1999ApJS..123....3L,
   author = {{Leitherer}, C. and {Schaerer}, D. and {Goldader},
                  J.~D. and {Gonz{\'a}lez Delgado}, R.~M. and
                  {Robert}, C. and {Kune}, D.~F. and {de Mello},
                  D.~F. and {Devost}, D. and {Heckman}, T.~M.},
    title = "{Starburst99: Synthesis Models for Galaxies with Active
                  Star Formation}",
  journal = {\apjs},
   eprint = {arXiv:astro-ph/9902334},
 keywords = {GALAXIES: EVOLUTION, GALAXIES: FUNDAMENTAL PARAMETERS,
                  GALAXIES: STARBURST, GALAXIES: STELLAR CONTENT,
                  METHODS: NUMERICAL},
     year = 1999,
    month = jul,
   volume = 123,
    pages = {3-40},
      doi = {10.1086/313233},
   adsurl = {http://adsabs.harvard.edu/abs/1999ApJS..123....3L},
  adsnote = {Provided by the SAO/NASA Astrophysics Data System}
}

@ARTICLE{2005ApJ...621..695V,
   author = {{V{\'a}zquez}, G.~A. and {Leitherer}, C.},
    title = "{Optimization of Starburst99 for Intermediate-Age and Old
                  Stellar Populations}",
  journal = {\apj},
   eprint = {arXiv:astro-ph/0412491},
 keywords = {Galaxies: Dwarf, Galaxies: Evolution, Galaxies:
                  Individual: NGC Number: NGC 5128, Galaxies:
                  Individual: NGC Number: NGC 4038/4039, Galaxies:
                  Star Clusters, Galaxies: Stellar Content, Stars:
                  Evolution},
     year = 2005,
    month = mar,
   volume = 621,
    pages = {695-717},
      doi = {10.1086/427866},
   adsurl = {http://adsabs.harvard.edu/abs/2005ApJ...621..695V},
  adsnote = {Provided by the SAO/NASA Astrophysics Data System}
}

@ARTICLE{2007MNRAS.382..325B,
   author = {{Bolton}, J.~S. and {Haehnelt}, M.~G.},
    title = "{The observed ionization rate of the intergalactic medium and the ionizing emissivity at z {\gt}= 5: evidence for a photon-starved and extended epoch of reionization}",
  journal = {\mnras},
   eprint = {arXiv:astro-ph/0703306},
 keywords = {hydrodynamics, methods: numerical, intergalactic medium, quasars: absorption lines, diffuse radiation},
     year = 2007,
    month = nov,
   volume = 382,
    pages = {325-341},
      doi = {10.1111/j.1365-2966.2007.12372.x},
   adsurl = {http://adsabs.harvard.edu/abs/2007MNRAS.382..325B},
  adsnote = {Provided by the SAO/NASA Astrophysics Data System}
}

@ARTICLE{2010arXiv1001.4635L,
   author = {{Larson}, D. and {Dunkley}, J. and {Hinshaw}, G. and
                  {Komatsu}, E. and {Nolta}, M.~R. and {Bennett},
                  C.~L. and {Gold}, B. and {Halpern}, M. and {Hill},
                  R.~S. and {Jarosik}, N. and {Kogut}, A. and {Limon},
                  M. and {Meyer}, S.~S. and {Odegard}, N. and {Page},
                  L.},
    title = "{Seven-Year Wilkinson Microwave Anisotropy Probe (WMAP) Observations: Power Spectra and WMAP-Derived Parameters}",
  journal = {ArXiv e-prints},
archivePrefix = "arXiv",
   eprint = {1001.4635},
 primaryClass = "astro-ph.CO",
 keywords = {Astrophysics - Cosmology and Extragalactic Astrophysics},
     year = 2010,
    month = jan,
   adsurl = {http://adsabs.harvard.edu/abs/2010arXiv1001.4635L},
  adsnote = {Provided by the SAO/NASA Astrophysics Data System}
}

@ARTICLE{2008MNRAS.385L..58C,
   author = {{Choudhury}, T.~R. and {Ferrara}, A. and {Gallerani}, S.},
    title = "{On the minimum mass of reionization sources}",
  journal = {\mnras},
archivePrefix = "arXiv",
   eprint = {0712.0738},
 keywords = {intergalactic medium, cosmology: theory, large-scale structure of Universe},
     year = 2008,
    month = mar,
   volume = 385,
    pages = {L58-L62},
      doi = {10.1111/j.1745-3933.2008.00433.x},
   adsurl = {http://adsabs.harvard.edu/abs/2008MNRAS.385L..58C},
  adsnote = {Provided by the SAO/NASA Astrophysics Data System}
}

@ARTICLE{2008ApJ...674..151E,
   author = {{Erb}, D.~K.},
    title = "{A Model for Star Formation, Gas Flows, and Chemical Evolution in Galaxies at High Redshifts}",
  journal = {\apj},
archivePrefix = "arXiv",
   eprint = {0710.4146},
 keywords = {Galaxies: Abundances, Galaxies: Evolution, Galaxies: High-Redshift},
     year = 2008,
    month = feb,
   volume = 674,
    pages = {151-156},
      doi = {10.1086/524727},
   adsurl = {http://adsabs.harvard.edu/abs/2008ApJ...674..151E},
  adsnote = {Provided by the SAO/NASA Astrophysics Data System}
}

@ARTICLE{1980FCPh....5..287T,
   author = {{Tinsley}, B.~M.},
    title = "{Evolution of the Stars and Gas in Galaxies}",
  journal = {\fcp},
     year = 1980,
   volume = 5,
    pages = {287-388},
   adsurl = {http://adsabs.harvard.edu/abs/1980FCPh....5..287T},
  adsnote = {Provided by the SAO/NASA Astrophysics Data System}
}

@ARTICLE{2003MNRAS.339..289S,
   author = {{Springel}, V. and {Hernquist}, L.},
    title = "{Cosmological smoothed particle hydrodynamics simulations: a hybrid multiphase model for star formation}",
  journal = {\mnras},
   eprint = {arXiv:astro-ph/0206393},
 keywords = {methods: numerical, galaxies: evolution, galaxies: formation},
     year = 2003,
    month = feb,
   volume = 339,
    pages = {289-311},
      doi = {10.1046/j.1365-8711.2003.06206.x},
   adsurl = {http://adsabs.harvard.edu/abs/2003MNRAS.339..289S},
  adsnote = {Provided by the SAO/NASA Astrophysics Data System}
}

@ARTICLE{2008MNRAS.383..615N,
   author = {{Neistein}, E. and {Dekel}, A.},
    title = "{Constructing merger trees that mimic N-body simulations}",
  journal = {\mnras},
archivePrefix = "arXiv",
   eprint = {0708.1599},
 keywords = {gravitation , galaxies: formation , galaxies: haloes , cosmology: theory , dark matter},
     year = 2008,
    month = jan,
   volume = 383,
    pages = {615-626},
      doi = {10.1111/j.1365-2966.2007.12570.x},
   adsurl = {http://adsabs.harvard.edu/abs/2008MNRAS.383..615N},
  adsnote = {Provided by the SAO/NASA Astrophysics Data System}
}

@ARTICLE{2012MNRAS.421...98D,
   author = {{Dav{\'e}}, R. and {Finlator}, K. and {Oppenheimer}, B.~D.},
    title = "{An analytic model for the evolution of the stellar, gas and metal content of galaxies}",
  journal = {\mnras},
archivePrefix = "arXiv",
   eprint = {1108.0426},
 primaryClass = "astro-ph.CO",
 keywords = {galaxies: evolution, galaxies: formation, galaxies: fundamental parameters, galaxies: haloes, galaxies: high-redshift, intergalactic medium},
     year = 2012,
    month = mar,
   volume = 421,
    pages = {98-107},
      doi = {10.1111/j.1365-2966.2011.20148.x},
   adsurl = {http://adsabs.harvard.edu/abs/2012MNRAS.421...98D},
  adsnote = {Provided by the SAO/NASA Astrophysics Data System}
}

@ARTICLE{2008ApJ...688..789G,
   author = {{Genel}, S. and {Genzel}, R. and {Bouch{\'e}}, N. and {Sternberg}, A. and 
	{Naab}, T. and {Schreiber}, N.~M.~F. and {Shapiro}, K.~L. and 
	{Tacconi}, L.~J. and {Lutz}, D. and {Cresci}, G. and {Buschkamp}, P. and 
	{Davies}, R.~I. and {Hicks}, E.~K.~S.},
    title = "{Mergers and Mass Accretion Rates in Galaxy Assembly: The Millennium Simulation Compared to Observations of z \~{} 2 Galaxies}",
  journal = {\apj},
archivePrefix = "arXiv",
   eprint = {0808.0194},
 keywords = {Cosmology: Dark Matter, Galaxies: Evolution, Galaxies: Formation, Galaxies: High-Redshift},
     year = 2008,
    month = dec,
   volume = 688,
    pages = {789-793},
      doi = {10.1086/592241},
   adsurl = {http://adsabs.harvard.edu/abs/2008ApJ...688..789G},
  adsnote = {Provided by the SAO/NASA Astrophysics Data System}
}

@ARTICLE{2009Natur.457..451D,
   author = {{Dekel}, A. and {Birnboim}, Y. and {Engel}, G. and {Freundlich}, J. and 
	{Goerdt}, T. and {Mumcuoglu}, M. and {Neistein}, E. and {Pichon}, C. and 
	{Teyssier}, R. and {Zinger}, E.},
    title = "{Cold streams in early massive hot haloes as the main mode of galaxy formation}",
  journal = {\nat},
archivePrefix = "arXiv",
   eprint = {0808.0553},
     year = 2009,
    month = jan,
   volume = 457,
    pages = {451-454},
      doi = {10.1038/nature07648},
   adsurl = {http://adsabs.harvard.edu/abs/2009Natur.457..451D},
  adsnote = {Provided by the SAO/NASA Astrophysics Data System}
}

@ARTICLE{2010ApJ...717..323B,
   author = {{Bauermeister}, A. and {Blitz}, L. and {Ma}, C.-P.},
    title = "{The Gas Consumption History to Redshift 4}",
  journal = {\apj},
archivePrefix = "arXiv",
   eprint = {0909.3840},
 primaryClass = "astro-ph.CO",
 keywords = {galaxies: evolution, galaxies: ISM, stars: formation},
     year = 2010,
    month = jul,
   volume = 717,
    pages = {323-332},
      doi = {10.1088/0004-637X/717/1/323},
   adsurl = {http://adsabs.harvard.edu/abs/2010ApJ...717..323B},
  adsnote = {Provided by the SAO/NASA Astrophysics Data System}
}

@ARTICLE{2007ApJ...669..289K,
   author = {{Krumholz}, M.~R. and {Thompson}, T.~A.},
    title = "{The Relationship between Molecular Gas Tracers and Kennicutt-Schmidt Laws}",
  journal = {\apj},
archivePrefix = "arXiv",
   eprint = {0704.0792},
 keywords = {Galaxies: ISM, ISM: Clouds, ISM: Molecules, Radio Lines: ISM, Stars: Formation},
     year = 2007,
    month = nov,
   volume = 669,
    pages = {289-298},
      doi = {10.1086/521642},
   adsurl = {http://adsabs.harvard.edu/abs/2007ApJ...669..289K},
  adsnote = {Provided by the SAO/NASA Astrophysics Data System}
}

@ARTICLE{2010ApJ...714L.118D,
   author = {{Daddi}, E. and {Elbaz}, D. and {Walter}, F. and {Bournaud}, F. and 
	{Salmi}, F. and {Carilli}, C. and {Dannerbauer}, H. and {Dickinson}, M. and 
	{Monaco}, P. and {Riechers}, D.},
    title = "{Different Star Formation Laws for Disks Versus Starbursts at Low and High Redshifts}",
  journal = {\apjl},
archivePrefix = "arXiv",
   eprint = {1003.3889},
 primaryClass = "astro-ph.CO",
 keywords = {cosmology: observations, galaxies: evolution, galaxies: formation, galaxies: starburst, infrared: galaxies},
     year = 2010,
    month = may,
   volume = 714,
    pages = {L118-L122},
      doi = {10.1088/2041-8205/714/1/L118},
   adsurl = {http://adsabs.harvard.edu/abs/2010ApJ...714L.118D},
  adsnote = {Provided by the SAO/NASA Astrophysics Data System}
}

@ARTICLE{1989A&A...210..155M,
   author = {{Maeder}, A. and {Meynet}, G.},
    title = "{Grids of evolutionary models from 0.85 to 120 solar masses - Observational tests and the mass limits}",
  journal = {\aap},
 keywords = {COMPUTATIONAL ASTROPHYSICS, STELLAR EVOLUTION, STELLAR MASS, STELLAR MODELS, ABUNDANCE, HERTZSPRUNG-RUSSELL DIAGRAM, MASS TO LIGHT RATIOS, STELLAR MAGNITUDE, STELLAR STRUCTURE},
     year = 1989,
    month = feb,
   volume = 210,
    pages = {155-173},
   adsurl = {http://adsabs.harvard.edu/abs/1989A%26A...210..155M},
  adsnote = {Provided by the SAO/NASA Astrophysics Data System}
}

@ARTICLE{2002A&A...382...28S,
   author = {{Schaerer}, D.},
    title = "{On the properties of massive Population III stars and metal-free stellar populations}",
  journal = {\aap},
   eprint = {arXiv:astro-ph/0110697},
 keywords = {COSMOLOGY: EARLY UNIVERSE, GALAXIES: STELLAR CONTENT, STARS: GENERAL, STARS: FUNDAMENTAL PARAMETERS, STARS: ATMOSPHERES},
     year = 2002,
    month = jan,
   volume = 382,
    pages = {28-42},
      doi = {10.1051/0004-6361:20011619},
   adsurl = {http://adsabs.harvard.edu/abs/2002A%26A...382...28S},
  adsnote = {Provided by the SAO/NASA Astrophysics Data System}
}

@ARTICLE{1995ApJS..101..181W,
   author = {{Woosley}, S.~E. and {Weaver}, T.~A.},
    title = "{The Evolution and Explosion of Massive Stars. II. Explosive Hydrodynamics and Nucleosynthesis}",
  journal = {\apjs},
 keywords = {HYDRODYNAMICS, NUCLEAR REACTIONS, NUCLEOSYNTHESIS, ABUNDANCES, STARS: EVOLUTION, STARS: INTERIORS, STARS: SUPERNOVAE: GENERAL},
     year = 1995,
    month = nov,
   volume = 101,
    pages = {181},
      doi = {10.1086/192237},
   adsurl = {http://adsabs.harvard.edu/abs/1995ApJS..101..181W},
  adsnote = {Provided by the SAO/NASA Astrophysics Data System}
}

@ARTICLE{2002ApJ...567..532H,
   author = {{Heger}, A. and {Woosley}, S.~E.},
    title = "{The Nucleosynthetic Signature of Population III}",
  journal = {\apj},
   eprint = {arXiv:astro-ph/0107037},
 keywords = {Nuclear Reactions, Nucleosynthesis, Abundances, Stars: Early-Type, Stars: Supernovae: General},
     year = 2002,
    month = mar,
   volume = 567,
    pages = {532-543},
      doi = {10.1086/338487},
   adsurl = {http://adsabs.harvard.edu/abs/2002ApJ...567..532H},
  adsnote = {Provided by the SAO/NASA Astrophysics Data System}
}

@ARTICLE{2010ApJ...709L.133B,
   author = {{Bouwens}, R.~J. and {Illingworth}, G.~D. and {Oesch}, P.~A. and 
	{Stiavelli}, M. and {van Dokkum}, P. and {Trenti}, M. and {Magee}, D. and 
	{Labb{\'e}}, I. and {Franx}, M. and {Carollo}, C.~M. and {Gonzalez}, V.
	},
    title = "{Discovery of z \~{} 8 Galaxies in the Hubble Ultra Deep Field from Ultra-Deep WFC3/IR Observations}",
  journal = {\apjl},
archivePrefix = "arXiv",
   eprint = {0909.1803},
 primaryClass = "astro-ph.CO",
 keywords = {galaxies: evolution, galaxies: high-redshift},
     year = 2010,
    month = feb,
   volume = 709,
    pages = {L133-L137},
      doi = {10.1088/2041-8205/709/2/L133},
   adsurl = {http://adsabs.harvard.edu/abs/2010ApJ...709L.133B},
  adsnote = {Provided by the SAO/NASA Astrophysics Data System}
}

@ARTICLE{2011ApJ...735L..34G,
   author = {{Gonz{\'a}lez}, V. and {Labb{\'e}}, I. and {Bouwens}, R.~J. and 
	{Illingworth}, G. and {Franx}, M. and {Kriek}, M.},
    title = "{Evolution of Galaxy Stellar Mass Functions, Mass Densities, and Mass-to-light Ratios from z \~{} 7 to z \~{} 4}",
  journal = {\apjl},
archivePrefix = "arXiv",
   eprint = {1008.3901},
 primaryClass = "astro-ph.CO",
 keywords = {galaxies: evolution, galaxies: high-redshift},
     year = 2011,
    month = jul,
   volume = 735,
      eid = {L34},
    pages = {L34},
      doi = {10.1088/2041-8205/735/2/L34},
   adsurl = {http://adsabs.harvard.edu/abs/2011ApJ...735L..34G},
  adsnote = {Provided by the SAO/NASA Astrophysics Data System}
}

@ARTICLE{2011MNRAS.412.2781K,
   author = {{Kulkarni}, G. and {Choudhury}, T.~R.},
    title = "{Reionization and feedback in overdense regions at high redshift}",
  journal = {\mnras},
archivePrefix = "arXiv",
   eprint = {1008.2509},
 primaryClass = "astro-ph.CO",
 keywords = {galaxies: high-redshift, galaxies: luminosity function, mass function, cosmology: theory, dark ages, reionization, first stars},
     year = 2011,
    month = apr,
   volume = 412,
    pages = {2781-2789},
      doi = {10.1111/j.1365-2966.2010.18100.x},
   adsurl = {http://adsabs.harvard.edu/abs/2011MNRAS.412.2781K},
  adsnote = {Provided by the SAO/NASA Astrophysics Data System}
}

@ARTICLE{2012arXiv1205.5807M,
   author = {{Moster}, B.~P. and {Naab}, T. and {White}, S.~D.~M.},
    title = "{Galactic star formation and accretion histories from matching galaxies to dark matter haloes}",
  journal = {ArXiv e-prints},
archivePrefix = "arXiv",
   eprint = {1205.5807},
 primaryClass = "astro-ph.CO",
 keywords = {Astrophysics - Cosmology and Extragalactic Astrophysics},
     year = 2012,
    month = may,
   adsurl = {http://adsabs.harvard.edu/abs/2012arXiv1205.5807M},
  adsnote = {Provided by the SAO/NASA Astrophysics Data System}
}

@ARTICLE{2011MNRAS.413..659S,
   author = {{Sawala}, T. and {Guo}, Q. and {Scannapieco}, C. and {Jenkins}, A. and 
	{White}, S.},
    title = "{What is the (dark) matter with dwarf galaxies?}",
  journal = {\mnras},
archivePrefix = "arXiv",
   eprint = {1003.0671},
 primaryClass = "astro-ph.CO",
 keywords = {methods: numerical, galaxies: dwarf, galaxies: evolution, galaxies: formation, galaxies: luminosity function, mass function, cosmology: theory},
     year = 2011,
    month = may,
   volume = 413,
    pages = {659-668},
      doi = {10.1111/j.1365-2966.2010.18163.x},
   adsurl = {http://adsabs.harvard.edu/abs/2011MNRAS.413..659S},
  adsnote = {Provided by the SAO/NASA Astrophysics Data System}
}

@ARTICLE{2010MNRAS.404.1111G,
   author = {{Guo}, Q. and {White}, S. and {Li}, C. and {Boylan-Kolchin}, M.
	},
    title = "{How do galaxies populate dark matter haloes?}",
  journal = {\mnras},
archivePrefix = "arXiv",
   eprint = {0909.4305},
 primaryClass = "astro-ph.CO",
 keywords = {galaxies: haloes, galaxies: luminosity function, mass function, cosmology: theory, dark matter, large-scale structure of Universe},
     year = 2010,
    month = may,
   volume = 404,
    pages = {1111-1120},
      doi = {10.1111/j.1365-2966.2010.16341.x},
   adsurl = {http://adsabs.harvard.edu/abs/2010MNRAS.404.1111G},
  adsnote = {Provided by the SAO/NASA Astrophysics Data System}
}

@ARTICLE{2008MNRAS.390..920O,
   author = {{Okamoto}, T. and {Gao}, L. and {Theuns}, T.},
    title = "{Mass loss of galaxies due to an ultraviolet background}",
  journal = {\mnras},
archivePrefix = "arXiv",
   eprint = {0806.0378},
 keywords = {methods: numerical , galaxies: evolution , galaxies: formation , cosmology: theory},
     year = 2008,
    month = nov,
   volume = 390,
    pages = {920-928},
      doi = {10.1111/j.1365-2966.2008.13830.x},
   adsurl = {http://adsabs.harvard.edu/abs/2008MNRAS.390..920O},
  adsnote = {Provided by the SAO/NASA Astrophysics Data System}
}

@ARTICLE{2000ApJ...542..535G,
   author = {{Gnedin}, N.~Y.},
    title = "{Effect of Reionization on Structure Formation in the Universe}",
  journal = {\apj},
   eprint = {arXiv:astro-ph/0002151},
 keywords = {Cosmology: Theory, Galaxies: Formation, Galaxies: Intergalactic Medium, Cosmology: Large-Scale Structure of Universe},
     year = 2000,
    month = oct,
   volume = 542,
    pages = {535-541},
      doi = {10.1086/317042},
   adsurl = {http://adsabs.harvard.edu/abs/2000ApJ...542..535G},
  adsnote = {Provided by the SAO/NASA Astrophysics Data System}
}

@ARTICLE{2000ApJ...534..507C,
   author = {{Chiu}, W.~A. and {Ostriker}, J.~P.},
    title = "{A Semianalytic Model for Cosmological Reheating and Reionization Due to the Gravitational Collapse of Structure}",
  journal = {\apj},
   eprint = {arXiv:astro-ph/9907220},
 keywords = {Cosmology: Theory, Galaxies: Formation, Galaxies: Intergalactic Medium, Methods: Analytical},
     year = 2000,
    month = may,
   volume = 534,
    pages = {507-532},
      doi = {10.1086/308780},
   adsurl = {http://adsabs.harvard.edu/abs/2000ApJ...534..507C},
  adsnote = {Provided by the SAO/NASA Astrophysics Data System}
}

@ARTICLE{2006ApJ...644..813E,
   author = {{Erb}, D.~K. and {Shapley}, A.~E. and {Pettini}, M. and {Steidel}, C.~C. and 
	{Reddy}, N.~A. and {Adelberger}, K.~L.},
    title = "{The Mass-Metallicity Relation at z{\gt}\~{}2}",
  journal = {\apj},
   eprint = {arXiv:astro-ph/0602473},
 keywords = {Galaxies: Abundances, Galaxies: Evolution, Galaxies: High-Redshift},
     year = 2006,
    month = jun,
   volume = 644,
    pages = {813-828},
      doi = {10.1086/503623},
   adsurl = {http://adsabs.harvard.edu/abs/2006ApJ...644..813E},
  adsnote = {Provided by the SAO/NASA Astrophysics Data System}
}

@ARTICLE{2005MNRAS.362...41G,
   author = {{Gallazzi}, A. and {Charlot}, S. and {Brinchmann}, J. and {White}, S.~D.~M. and 
	{Tremonti}, C.~A.},
    title = "{The ages and metallicities of galaxies in the local universe}",
  journal = {\mnras},
   eprint = {arXiv:astro-ph/0506539},
 keywords = {galaxies: evolution, galaxies: formation, galaxies: stellar content},
     year = 2005,
    month = sep,
   volume = 362,
    pages = {41-58},
      doi = {10.1111/j.1365-2966.2005.09321.x},
   adsurl = {http://adsabs.harvard.edu/abs/2005MNRAS.362...41G},
  adsnote = {Provided by the SAO/NASA Astrophysics Data System}
}

@ARTICLE{2003ApJ...595L...9P,
   author = {{Prochaska}, J.~X. and {Gawiser}, E. and {Wolfe}, A.~M. and 
	{Castro}, S. and {Djorgovski}, S.~G.},
    title = "{The Age-Metallicity Relation of the Universe in Neutral Gas: The First 100 Damped Ly{$\alpha$} Systems}",
  journal = {\apjl},
   eprint = {arXiv:astro-ph/0305314},
 keywords = {Galaxies: Abundances, Galaxies: ISM, Galaxies: Quasars: Absorption Lines},
     year = 2003,
    month = sep,
   volume = 595,
    pages = {L9-L12},
      doi = {10.1086/378945},
   adsurl = {http://adsabs.harvard.edu/abs/2003ApJ...595L...9P},
  adsnote = {Provided by the SAO/NASA Astrophysics Data System}
}

@ARTICLE{2007MNRAS.381..647S,
   author = {{Salvadori}, S. and {Schneider}, R. and {Ferrara}, A.},
    title = "{Cosmic stellar relics in the Galactic halo}",
  journal = {\mnras},
   eprint = {arXiv:astro-ph/0611130},
 keywords = {stars: formation, stars: Population II, supernovae: general, galaxies: evolution, galaxies: stellar content, cosmology: theory},
     year = 2007,
    month = oct,
   volume = 381,
    pages = {647-662},
      doi = {10.1111/j.1365-2966.2007.12133.x},
   adsurl = {http://adsabs.harvard.edu/abs/2007MNRAS.381..647S},
  adsnote = {Provided by the SAO/NASA Astrophysics Data System}
}

@INPROCEEDINGS{2011AAS...21732901F,
   author = {{Frebel}, A.},
    title = "{Stellar Archaeology: New Science with Old Stars}",
booktitle = {American Astronomical Society Meeting Abstracts 217},
     year = 2011,
   series = {Bulletin of the American Astronomical Society},
   volume = 43,
    month = jan,
    pages = {329.01},
   adsurl = {http://adsabs.harvard.edu/abs/2011AAS...21732901F},
  adsnote = {Provided by the SAO/NASA Astrophysics Data System}
}


@ARTICLE{2012MNRAS.421L..29S,
   author = {{Salvadori}, S. and {Ferrara}, A.},
    title = "{First stars in damped Ly{$\alpha$} systems}",
  journal = {\mnras},
archivePrefix = "arXiv",
   eprint = {1111.6637},
 primaryClass = "astro-ph.CO",
 keywords = {stars: carborstars: Population III, galaxies: abundances, galaxies: evolution, cosmology: theory},
     year = 2012,
    month = mar,
   volume = 421,
    pages = {L29-L33},
      doi = {10.1111/j.1745-3933.2011.01200.x},
   adsurl = {http://adsabs.harvard.edu/abs/2012MNRAS.421L..29S},
  adsnote = {Provided by the SAO/NASA Astrophysics Data System}
}


@ARTICLE{2009MNRAS.395L...6S,
   author = {{Salvadori}, S. and {Ferrara}, A.},
    title = "{Ultra faint dwarfs: probing early cosmic star formation}",
  journal = {\mnras},
archivePrefix = "arXiv",
   eprint = {0812.3151},
 keywords = {stars: formation, stars: population II, supernovae: general, galaxies: evolution, cosmology: theory, galaxies: stellar content},
     year = 2009,
    month = may,
   volume = 395,
    pages = {L6-L10},
      doi = {10.1111/j.1745-3933.2009.00627.x},
   adsurl = {http://adsabs.harvard.edu/abs/2009MNRAS.395L...6S},
  adsnote = {Provided by the SAO/NASA Astrophysics Data System}
}


@ARTICLE{2012ApJ...757L..22F,
   author = {{Fumagalli}, M. and {Patel}, S.~G. and {Franx}, M. and {Brammer}, G. and 
	{van Dokkum}, P. and {da Cunha}, E. and {Kriek}, M. and {Lundgren}, B. and 
	{Momcheva}, I. and {Rix}, H.-W. and {Schmidt}, K.~B. and {Skelton}, R.~E. and 
	{Whitaker}, K.~E. and {Labbe}, I. and {Nelson}, E.},
    title = "{H{$\alpha$} Equivalent Widths from the 3D-HST Survey: Evolution with Redshift and Dependence on Stellar Mass}",
  journal = {\apjl},
archivePrefix = "arXiv",
   eprint = {1206.2645},
 primaryClass = "astro-ph.CO",
 keywords = {galaxies: evolution, galaxies: formation, galaxies: high-redshift},
     year = 2012,
    month = oct,
   volume = 757,
      eid = {L22},
    pages = {L22},
      doi = {10.1088/2041-8205/757/2/L22},
   adsurl = {http://adsabs.harvard.edu/abs/2012ApJ...757L..22F},
  adsnote = {Provided by the SAO/NASA Astrophysics Data System}
}


@INPROCEEDINGS{2012grb..confE.137L,
   author = {{Levesque}, E.},
    title = "{Gamma-ray Burst Host Galaxies as Probes of Galaxy Formation and Evolution}",
booktitle = {-Ray Bursts 2012 Conference (GRB 2012)},
     year = 2012,
archivePrefix = "arXiv",
   eprint = {1206.2659},
 primaryClass = "astro-ph.HE",
      eid = {137},
   adsurl = {http://adsabs.harvard.edu/abs/2012grb..confE.137L},
  adsnote = {Provided by the SAO/NASA Astrophysics Data System}
}


@ARTICLE{2012MNRAS.423.2203P,
   author = {{Pan}, T. and {Loeb}, A. and {Kasen}, D.},
    title = "{Pair-instability supernovae via collision runaway in young dense star clusters}",
  journal = {\mnras},
archivePrefix = "arXiv",
   eprint = {1111.3648},
 primaryClass = "astro-ph.HE",
 keywords = {supernovae: general, galaxies: star clusters: general},
     year = 2012,
    month = jul,
   volume = 423,
    pages = {2203-2208},
      doi = {10.1111/j.1365-2966.2012.21030.x},
   adsurl = {http://adsabs.harvard.edu/abs/2012MNRAS.423.2203P},
  adsnote = {Provided by the SAO/NASA Astrophysics Data System}
}

@ARTICLE{2012MNRAS.422.2701P,
   author = {{Pan}, T. and {Kasen}, D. and {Loeb}, A.},
    title = "{Pair-instability supernovae at the epoch of reionization}",
  journal = {\mnras},
archivePrefix = "arXiv",
   eprint = {1112.2710},
 primaryClass = "astro-ph.HE",
 keywords = {stars: Population II, stars: Population III, supernovae: general, dark ages, reionization, first stars},
     year = 2012,
    month = may,
   volume = 422,
    pages = {2701-2711},
      doi = {10.1111/j.1365-2966.2012.20837.x},
   adsurl = {http://adsabs.harvard.edu/abs/2012MNRAS.422.2701P},
  adsnote = {Provided by the SAO/NASA Astrophysics Data System}
}


@ARTICLE{2011ARA&A..49..373B,
   author = {{Bromm}, V. and {Yoshida}, N.},
    title = "{The First Galaxies}",
  journal = {\araa},
archivePrefix = "arXiv",
   eprint = {1102.4638},
 primaryClass = "astro-ph.CO",
     year = 2011,
    month = sep,
   volume = 49,
    pages = {373-407},
      doi = {10.1146/annurev-astro-081710-102608},
   adsurl = {http://adsabs.harvard.edu/abs/2011ARA%26A..49..373B},
  adsnote = {Provided by the SAO/NASA Astrophysics Data System}
}


@ARTICLE{2001MNRAS.328..969B,
   author = {{Bromm}, V. and {Ferrara}, A. and {Coppi}, P.~S. and {Larson}, R.~B.
	},
    title = "{The fragmentation of pre-enriched primordial objects}",
  journal = {\mnras},
 keywords = {HYDRODYNAMICS, STARS: FORMATION, GALAXIES: FORMATION, COSMOLOGY: THEORY, EARLY UNIVERSE},
     year = 2001,
    month = dec,
   volume = 328,
    pages = {969-976},
      doi = {10.1046/j.1365-8711.2001.04915.x},
   adsurl = {http://adsabs.harvard.edu/abs/2001MNRAS.328..969B},
  adsnote = {Provided by the SAO/NASA Astrophysics Data System}
}


@ARTICLE{2003Natur.425..812B,
   author = {{Bromm}, V. and {Loeb}, A.},
    title = "{The formation of the first low-mass stars from gas with low carbon and oxygen abundances}",
  journal = {\nat},
   eprint = {arXiv:astro-ph/0310622},
     year = 2003,
    month = oct,
   volume = 425,
    pages = {812-814},
      doi = {10.1038/nature02071},
   adsurl = {http://adsabs.harvard.edu/abs/2003Natur.425..812B},
  adsnote = {Provided by the SAO/NASA Astrophysics Data System}
}

@ARTICLE{2007MNRAS.380L..40F,
   author = {{Frebel}, A. and {Johnson}, J.~L. and {Bromm}, V.},
    title = "{Probing the formation of the first low-mass stars with stellar archaeology}",
  journal = {\mnras},
   eprint = {arXiv:astro-ph/0701395},
 keywords = {techniques: spectroscopic, stars: abundances, stars: Population II, Galaxy: halo, Galaxy: stellar content, early Universe},
     year = 2007,
    month = sep,
   volume = 380,
    pages = {L40-L44},
      doi = {10.1111/j.1745-3933.2007.00344.x},
   adsurl = {http://adsabs.harvard.edu/abs/2007MNRAS.380L..40F},
  adsnote = {Provided by the SAO/NASA Astrophysics Data System}
}

@ARTICLE{2004Ap&SS.294...29M,
   author = {{Matteucci}, F. and {Calura}, F.},
    title = "{Chemical Evolution of Galaxies and Nature of High Redshift Objects}",
  journal = {\apss},
 keywords = {galaxies: formation, galaxies: evolution},
     year = 2004,
    month = nov,
   volume = 294,
    pages = {29-35},
      doi = {10.1007/s10509-004-4016-4},
   adsurl = {http://adsabs.harvard.edu/abs/2004Ap%26SS.294...29M},
  adsnote = {Provided by the SAO/NASA Astrophysics Data System}
}

@ARTICLE{2009A&A...504..373C,
   author = {{Calura}, F. and {Pipino}, A. and {Chiappini}, C. and {Matteucci}, F. and 
	{Maiolino}, R.},
    title = "{The evolution of the mass-metallicity relation in galaxies of different morphological types}",
  journal = {\aap},
archivePrefix = "arXiv",
   eprint = {0904.2180},
 primaryClass = "astro-ph.CO",
 keywords = {galaxies: abundances, ISM: abundances, galaxies: high-redshift},
     year = 2009,
    month = sep,
   volume = 504,
    pages = {373-388},
      doi = {10.1051/0004-6361/200911756},
   adsurl = {http://adsabs.harvard.edu/abs/2009A%26A...504..373C},
  adsnote = {Provided by the SAO/NASA Astrophysics Data System}
}

@ARTICLE{2000MNRAS.314..611C,
   author = {{Ciardi}, B. and {Ferrara}, A. and {Governato}, F. and {Jenkins}, A.
	},
    title = "{Inhomogeneous reionization of the intergalactic medium regulated by radiative and stellar feedbacks}",
  journal = {\mnras},
   eprint = {arXiv:astro-ph/9907189},
 keywords = {GALAXIES: FORMATION, INTERGALACTIC MEDIUM, COSMOLOGY: THEORY},
     year = 2000,
    month = may,
   volume = 314,
    pages = {611-629},
      doi = {10.1046/j.1365-8711.2000.03365.x},
   adsurl = {http://adsabs.harvard.edu/abs/2000MNRAS.314..611C},
  adsnote = {Provided by the SAO/NASA Astrophysics Data System}
}

@ARTICLE{2004MNRAS.350.1107M,
   author = {{Meiksin}, A. and {White}, M.},
    title = "{The effects of ultraviolet background correlations on Ly{$\alpha$} forest flux statistics}",
  journal = {\mnras},
   eprint = {arXiv:astro-ph/0307289},
 keywords = {methods: numerical, intergalactic medium, quasars: absorption lines},
     year = 2004,
    month = may,
   volume = 350,
    pages = {1107-1126},
      doi = {10.1111/j.1365-2966.2004.07724.x},
   adsurl = {http://adsabs.harvard.edu/abs/2004MNRAS.350.1107M},
  adsnote = {Provided by the SAO/NASA Astrophysics Data System}
}

@ARTICLE{2008ApJ...688...85F,
   author = {{Faucher-Gigu{\`e}re}, C.-A. and {Lidz}, A. and {Hernquist}, L. and 
	{Zaldarriaga}, M.},
    title = "{Evolution of the Intergalactic Opacity: Implications for the Ionizing Background, Cosmic Star Formation, and Quasar Activity}",
  journal = {\apj},
archivePrefix = "arXiv",
   eprint = {0807.4177},
 keywords = {Cosmology: Theory, Cosmology: Diffuse Radiation, Galaxies: Evolution, Galaxies: Formation, Methods: Data Analysis, Galaxies: Quasars: Absorption Lines, Galaxies: Quasars: General},
     year = 2008,
    month = nov,
   volume = 688,
    pages = {85-107},
      doi = {10.1086/592289},
   adsurl = {http://adsabs.harvard.edu/abs/2008ApJ...688...85F},
  adsnote = {Provided by the SAO/NASA Astrophysics Data System}
}

@ARTICLE{2008A&A...488..463M,
   author = {{Maiolino}, R. and {Nagao}, T. and {Grazian}, A. and {Cocchia}, F. and 
	{Marconi}, A. and {Mannucci}, F. and {Cimatti}, A. and {Pipino}, A. and 
	{Ballero}, S. and {Calura}, F. and {Chiappini}, C. and {Fontana}, A. and 
	{Granato}, G.~L. and {Matteucci}, F. and {Pastorini}, G. and 
	{Pentericci}, L. and {Risaliti}, G. and {Salvati}, M. and {Silva}, L.
	},
    title = "{AMAZE. I. The evolution of the mass-metallicity relation at z {\gt} 3}",
  journal = {\aap},
archivePrefix = "arXiv",
   eprint = {0806.2410},
 keywords = {ISM: abundances, galaxies: abundances, galaxies: evolution, galaxies: high-redshift, galaxies: starburst},
     year = 2008,
    month = sep,
   volume = 488,
    pages = {463-479},
      doi = {10.1051/0004-6361:200809678},
   adsurl = {http://adsabs.harvard.edu/abs/2008A%26A...488..463M},
  adsnote = {Provided by the SAO/NASA Astrophysics Data System}
}

@ARTICLE{2006ApJ...651..142H,
   author = {{Hopkins}, A.~M. and {Beacom}, J.~F.},
    title = "{On the Normalization of the Cosmic Star Formation History}",
  journal = {\apj},
   eprint = {arXiv:astro-ph/0601463},
 keywords = {Galaxies: Evolution, Galaxies: Formation, Galaxies: Starburst, Neutrinos, Stars: Supernovae: General},
     year = 2006,
    month = nov,
   volume = 651,
    pages = {142-154},
      doi = {10.1086/506610},
   adsurl = {http://adsabs.harvard.edu/abs/2006ApJ...651..142H},
  adsnote = {Provided by the SAO/NASA Astrophysics Data System}
}

@ARTICLE{2005ApJ...635..123P,
   author = {{Prochaska}, J.~X. and {Herbert-Fort}, S. and {Wolfe}, A.~M.
	},
    title = "{The SDSS Damped Ly{$\alpha$} Survey: Data Release 3}",
  journal = {\apj},
   eprint = {arXiv:astro-ph/0508361},
 keywords = {Galaxies: Evolution, Galaxies: Intergalactic Medium, Galaxies: Quasars: Absorption Lines},
     year = 2005,
    month = dec,
   volume = 635,
    pages = {123-142},
      doi = {10.1086/497287},
   adsurl = {http://adsabs.harvard.edu/abs/2005ApJ...635..123P},
  adsnote = {Provided by the SAO/NASA Astrophysics Data System}
}

@ARTICLE{2012ApJ...744...91B,
   author = {{Becker}, G.~D. and {Sargent}, W.~L.~W. and {Rauch}, M. and 
	{Carswell}, R.~F.},
    title = "{Iron and {$\alpha$}-element Production in the First One Billion Years after the Big Bang}",
  journal = {\apj},
archivePrefix = "arXiv",
   eprint = {1111.4843},
 primaryClass = "astro-ph.CO",
 keywords = {cosmology: observations, early Universe, intergalactic medium, quasars: absorption lines, stars: abundances},
     year = 2012,
    month = jan,
   volume = 744,
      eid = {91},
    pages = {91},
      doi = {10.1088/0004-637X/744/2/91},
   adsurl = {http://adsabs.harvard.edu/abs/2012ApJ...744...91B},
  adsnote = {Provided by the SAO/NASA Astrophysics Data System}
}

@ARTICLE{2012ApJ...745...50W,
   author = {{Wise}, J.~H. and {Turk}, M.~J. and {Norman}, M.~L. and {Abel}, T.
	},
    title = "{The Birth of a Galaxy: Primordial Metal Enrichment and Stellar Populations}",
  journal = {\apj},
archivePrefix = "arXiv",
   eprint = {1011.2632},
 primaryClass = "astro-ph.CO",
 keywords = {dark ages, reionization, first stars, galaxies: dwarf, galaxies: high-redshift, galaxies: star formation, radiative transfer},
     year = 2012,
    month = jan,
   volume = 745,
      eid = {50},
    pages = {50},
      doi = {10.1088/0004-637X/745/1/50},
   adsurl = {http://adsabs.harvard.edu/abs/2012ApJ...745...50W},
  adsnote = {Provided by the SAO/NASA Astrophysics Data System}
}

@BOOK{2009nceg.book.....P,
   author = {{Pagel}, B.~E.~J.},
    title = "{Nucleosynthesis and Chemical Evolution of Galaxies}",
booktitle = {Nucleosynthesis and Chemical Evolution of Galaxies, by Bernard E.~J.~Pagel, Cambridge, UK: Cambridge University Press, 2009},
     year = 2009,
    month = jan,
   adsurl = {http://adsabs.harvard.edu/abs/2009nceg.book.....P},
  adsnote = {Provided by the SAO/NASA Astrophysics Data System}
}

@ARTICLE{2011MNRAS.417.1534C,
   author = {{Cooke}, R. and {Pettini}, M. and {Steidel}, C.~C. and {Rudie}, G.~C. and 
	{Nissen}, P.~E.},
    title = "{The most metal-poor damped Ly{$\alpha$} systems: insights into chemical evolution in the very metal-poor regime}",
  journal = {\mnras},
archivePrefix = "arXiv",
   eprint = {1106.2805},
 primaryClass = "astro-ph.CO",
 keywords = {galaxies: abundances, galaxies: evolution, quasars: absorption lines},
     year = 2011,
    month = oct,
   volume = 417,
    pages = {1534-1558},
      doi = {10.1111/j.1365-2966.2011.19365.x},
   adsurl = {http://adsabs.harvard.edu/abs/2011MNRAS.417.1534C},
  adsnote = {Provided by the SAO/NASA Astrophysics Data System}
}

@ARTICLE{2005SSRv..116..625C,
   author = {{Ciardi}, B. and {Ferrara}, A.},
    title = "{The First Cosmic Structures and Their Effects}",
  journal = {\ssr},
   eprint = {arXiv:astro-ph/0409018},
     year = 2005,
    month = feb,
   volume = 116,
    pages = {625-705},
      doi = {10.1007/s11214-005-3592-0},
   adsurl = {http://adsabs.harvard.edu/abs/2005SSRv..116..625C},
  adsnote = {Provided by the SAO/NASA Astrophysics Data System}
}

@ARTICLE{2012MNRAS.425.2974T,
   author = {{Tanaka}, T. and {Perna}, R. and {Haiman}, Z.},
    title = "{X-ray emission from high-redshift miniquasars: self-regulating the population of massive black holes through global warming}",
  journal = {\mnras},
archivePrefix = "arXiv",
   eprint = {1205.6467},
 primaryClass = "astro-ph.CO",
 keywords = {black hole physics, gravitational waves, galaxies: formation, quasars: general, cosmology: theory},
     year = 2012,
    month = oct,
   volume = 425,
    pages = {2974-2987},
      doi = {10.1111/j.1365-2966.2012.21539.x},
   adsurl = {http://adsabs.harvard.edu/abs/2012MNRAS.425.2974T},
  adsnote = {Provided by the SAO/NASA Astrophysics Data System}
}

@ARTICLE{2012arXiv1203.6842D,
   author = {{Dopcke}, G. and {Glover}, S.~C.~O. and {Clark}, P.~C. and {Klessen}, R.~S.
	},
    title = "{The stellar IMF at very low metallicities}",
  journal = {ArXiv e-prints},
archivePrefix = "arXiv",
   eprint = {1203.6842},
 primaryClass = "astro-ph.SR",
 keywords = {Astrophysics - Solar and Stellar Astrophysics, Astrophysics - Cosmology and Extragalactic Astrophysics, Astrophysics - Galaxy Astrophysics, 85A05, J.2},
     year = 2012,
    month = mar,
   adsurl = {http://adsabs.harvard.edu/abs/2012arXiv1203.6842D},
  adsnote = {Provided by the SAO/NASA Astrophysics Data System}
}

@ARTICLE{2004ARA&A..42...79B,
   author = {{Bromm}, V. and {Larson}, R.~B.},
    title = "{The First Stars}",
  journal = {\araa},
   eprint = {arXiv:astro-ph/0311019},
     year = 2004,
    month = sep,
   volume = 42,
    pages = {79-118},
      doi = {10.1146/annurev.astro.42.053102.134034},
   adsurl = {http://adsabs.harvard.edu/abs/2004ARA%26A..42...79B},
  adsnote = {Provided by the SAO/NASA Astrophysics Data System}
}

@ARTICLE{2011ARA&A..49..373B,
   author = {{Bromm}, V. and {Yoshida}, N.},
    title = "{The First Galaxies}",
  journal = {\araa},
archivePrefix = "arXiv",
   eprint = {1102.4638},
 primaryClass = "astro-ph.CO",
     year = 2011,
    month = sep,
   volume = 49,
    pages = {373-407},
      doi = {10.1146/annurev-astro-081710-102608},
   adsurl = {http://adsabs.harvard.edu/abs/2011ARA%26A..49..373B},
  adsnote = {Provided by the SAO/NASA Astrophysics Data System}
}

@ARTICLE{2011arXiv1102.1748F,
   author = {{Frebel}, A. and {Norris}, J.~E.},
    title = "{Metal-Poor Stars and the Chemical Enrichment of the Universe}",
  journal = {ArXiv e-prints},
archivePrefix = "arXiv",
   eprint = {1102.1748},
 primaryClass = "astro-ph.GA",
 keywords = {Astrophysics - Galaxy Astrophysics, Astrophysics - Cosmology and Extragalactic Astrophysics, Astrophysics - Instrumentation and Methods for Astrophysics, Astrophysics - Solar and Stellar Astrophysics},
     year = 2011,
    month = feb,
   adsurl = {http://adsabs.harvard.edu/abs/2011arXiv1102.1748F},
  adsnote = {Provided by the SAO/NASA Astrophysics Data System}
}

@ARTICLE{2011Natur.477...67C,
   author = {{Caffau}, E. and {Bonifacio}, P. and {Fran{\c c}ois}, P. and 
	{Sbordone}, L. and {Monaco}, L. and {Spite}, M. and {Spite}, F. and 
	{Ludwig}, H.-G. and {Cayrel}, R. and {Zaggia}, S. and {Hammer}, F. and 
	{Randich}, S. and {Molaro}, P. and {Hill}, V.},
    title = "{An extremely primitive star in the Galactic halo}",
  journal = {\nat},
archivePrefix = "arXiv",
   eprint = {1203.2612},
 primaryClass = "astro-ph.GA",
     year = 2011,
    month = sep,
   volume = 477,
    pages = {67-69},
      doi = {10.1038/nature10377},
   adsurl = {http://adsabs.harvard.edu/abs/2011Natur.477...67C},
  adsnote = {Provided by the SAO/NASA Astrophysics Data System}
}

@ARTICLE{2011ApJ...733L..24W,
   author = {{Worseck}, G. and {Prochaska}, J.~X. and {McQuinn}, M. and {Dall'Aglio}, A. and 
	{Fechner}, C. and {Hennawi}, J.~F. and {Reimers}, D. and {Richter}, P. and 
	{Wisotzki}, L.},
    title = "{The End of Helium Reionization at z \~{}= 2.7 Inferred from Cosmic Variance in HST/COS He II Ly{$\alpha$} Absorption Spectra}",
  journal = {\apjl},
archivePrefix = "arXiv",
   eprint = {1103.5752},
 primaryClass = "astro-ph.CO",
 keywords = {dark ages, reionization, first stars, diffuse radiation, intergalactic medium, quasars: absorption lines, quasars: individual: SDSS J092447.36+485242.8 SDSS J110155.74+105302.3},
     year = 2011,
    month = jun,
   volume = 733,
      eid = {L24},
    pages = {L24},
      doi = {10.1088/2041-8205/733/2/L24},
   adsurl = {http://adsabs.harvard.edu/abs/2011ApJ...733L..24W},
  adsnote = {Provided by the SAO/NASA Astrophysics Data System}
}

@ARTICLE{2008ApJ...681.1183K,
   author = {{Kewley}, L.~J. and {Ellison}, S.~L.},
    title = "{Metallicity Calibrations and the Mass-Metallicity Relation for Star-forming Galaxies}",
  journal = {\apj},
archivePrefix = "arXiv",
   eprint = {0801.1849},
 keywords = {Galaxies: Abundances, Galaxies: Fundamental Parameters, Galaxies: Spiral, Galaxies: Starburst, Techniques: Spectroscopic},
     year = 2008,
    month = jul,
   volume = 681,
    pages = {1183-1204},
      doi = {10.1086/587500},
   adsurl = {http://adsabs.harvard.edu/abs/2008ApJ...681.1183K},
  adsnote = {Provided by the SAO/NASA Astrophysics Data System}
}

@ARTICLE{2012MNRAS.421.3217K,
   author = {{Klessen}, R.~S. and {Glover}, S.~C.~O. and {Clark}, P.~C.},
    title = "{On the formation of very metal poor stars: the case of SDSS J1029151+172927}",
  journal = {\mnras},
archivePrefix = "arXiv",
   eprint = {1201.2695},
 primaryClass = "astro-ph.CO",
 keywords = {stars: abundances, stars: formation, stars: luminosity function, mass function, stars: Population II, stars: Population III, early Universe},
     year = 2012,
    month = apr,
   volume = 421,
    pages = {3217-3221},
      doi = {10.1111/j.1365-2966.2012.20544.x},
   adsurl = {http://adsabs.harvard.edu/abs/2012MNRAS.421.3217K},
  adsnote = {Provided by the SAO/NASA Astrophysics Data System}
}

@ARTICLE{2008MNRAS.390.1349P,
   author = {{Pontzen}, A. and {Governato}, F. and {Pettini}, M. and {Booth}, C.~M. and 
	{Stinson}, G. and {Wadsley}, J. and {Brooks}, A. and {Quinn}, T. and 
	{Haehnelt}, M.},
    title = "{Damped Lyman {$\alpha$} systems in galaxy formation simulations}",
  journal = {\mnras},
archivePrefix = "arXiv",
   eprint = {0804.4474},
 keywords = {methods: numerical , galaxies: formation , quasars: absorption lines},
     year = 2008,
    month = nov,
   volume = 390,
    pages = {1349-1371},
      doi = {10.1111/j.1365-2966.2008.13782.x},
   adsurl = {http://adsabs.harvard.edu/abs/2008MNRAS.390.1349P},
  adsnote = {Provided by the SAO/NASA Astrophysics Data System}
}

@ARTICLE{2012arXiv1209.4596F,
   author = {{Font-Ribera}, A. and {Miralda-Escud{\'e}}, J. and {Arnau}, E. and 
	{Carithers}, B. and {Lee}, K.-G. and {Noterdaeme}, P. and {P{\^a}ris}, I. and 
	{Petitjean}, P. and {Rich}, J. and {Rollinde}, E. and {Ross}, N.~P. and 
	{Schneider}, D.~P. and {White}, M. and {York}, D.~G.},
    title = "{The large-scale cross-correlation of Damped Lyman Alpha Systems with the Lyman Alpha Forest: First Measurements from BOSS}",
  journal = {ArXiv e-prints},
archivePrefix = "arXiv",
   eprint = {1209.4596},
 primaryClass = "astro-ph.CO",
 keywords = {Astrophysics - Cosmology and Extragalactic Astrophysics},
     year = 2012,
    month = sep,
   adsurl = {http://adsabs.harvard.edu/abs/2012arXiv1209.4596F},
  adsnote = {Provided by the SAO/NASA Astrophysics Data System}
}

@ARTICLE{2012MNRAS.426L..61D,
   author = {{De Lucia}, G. and {Borgani}, S.},
    title = "{On the stellar populations of massive galaxies}",
  journal = {\mnras},
archivePrefix = "arXiv",
   eprint = {1207.7073},
 primaryClass = "astro-ph.CO",
 keywords = {galaxies: abundancies, galaxies: ellipticals and lenticular, cD, galaxies: evolution, galaxies: formation, galaxies: stellar content},
     year = 2012,
    month = oct,
   volume = 426,
    pages = {L61-L65},
      doi = {10.1111/j.1745-3933.2012.01324.x},
   adsurl = {http://adsabs.harvard.edu/abs/2012MNRAS.426L..61D},
  adsnote = {Provided by the SAO/NASA Astrophysics Data System}
}

@ARTICLE{2004MNRAS.349.1101D,
   author = {{De Lucia}, G. and {Kauffmann}, G. and {White}, S.~D.~M.},
    title = "{Chemical enrichment of the intracluster and intergalactic medium in a hierarchical galaxy formation model}",
  journal = {\mnras},
   eprint = {arXiv:astro-ph/0310268},
 keywords = {galaxies: clusters: general, galaxies: evolution, galaxies: formation, intergalactic medium, galaxies: stellar content},
     year = 2004,
    month = apr,
   volume = 349,
    pages = {1101-1116},
      doi = {10.1111/j.1365-2966.2004.07584.x},
   adsurl = {http://adsabs.harvard.edu/abs/2004MNRAS.349.1101D},
  adsnote = {Provided by the SAO/NASA Astrophysics Data System}
}

@ARTICLE{2012MNRAS.425.1992C,
   author = {{Cantalupo}, S. and {Lilly}, S.~J. and {Haehnelt}, M.~G.},
    title = "{Detection of dark galaxies and circum-galactic filaments fluorescently illuminated by a quasar at z = 2.4}",
  journal = {\mnras},
archivePrefix = "arXiv",
   eprint = {1204.5753},
 primaryClass = "astro-ph.CO",
 keywords = {galaxies: dwarf, galaxies: formation, galaxies: high-redshift, intergalactic medium, quasars: general, galaxies: star formation },
     year = 2012,
    month = sep,
   volume = 425,
    pages = {1992-2014},
      doi = {10.1111/j.1365-2966.2012.21529.x},
   adsurl = {http://adsabs.harvard.edu/abs/2012MNRAS.425.1992C},
  adsnote = {Provided by the SAO/NASA Astrophysics Data System}
}

@ARTICLE{2012MNRAS.426.2797W,
   author = {{Weinmann}, S.~M. and {Pasquali}, A. and {Oppenheimer}, B.~D. and 
	{Finlator}, K. and {Mendel}, J.~T. and {Crain}, R.~A. and {Macci{\`o}}, A.~V.
	},
    title = "{A fundamental problem in our understanding of low-mass galaxy evolution}",
  journal = {\mnras},
archivePrefix = "arXiv",
   eprint = {1204.4184},
 primaryClass = "astro-ph.CO",
 keywords = {galaxies: abundances, galaxies: evolution, galaxies: statistics},
     year = 2012,
    month = nov,
   volume = 426,
    pages = {2797-2812},
      doi = {10.1111/j.1365-2966.2012.21931.x},
   adsurl = {http://adsabs.harvard.edu/abs/2012MNRAS.426.2797W},
  adsnote = {Provided by the SAO/NASA Astrophysics Data System}
}

@ARTICLE{2006RPPh...69.3101B,
   author = {{Baugh}, C.~M.},
    title = "{A primer on hierarchical galaxy formation: the semi-analytical approach}",
  journal = {Reports on Progress in Physics},
   eprint = {arXiv:astro-ph/0610031},
     year = 2006,
    month = dec,
   volume = 69,
    pages = {3101-3156},
      doi = {10.1088/0034-4885/69/12/R02},
   adsurl = {http://adsabs.harvard.edu/abs/2006RPPh...69.3101B},
  adsnote = {Provided by the SAO/NASA Astrophysics Data System}
}

@ARTICLE{2012MNRAS.423..862K,
   author = {{Kuhlen}, M. and {Faucher-Gigu{\`e}re}, C.-A.},
    title = "{Concordance models of reionization: implications for faint galaxies and escape fraction evolution}",
  journal = {\mnras},
archivePrefix = "arXiv",
   eprint = {1201.0757},
 primaryClass = "astro-ph.CO",
 keywords = {galaxies: dwarf, galaxies: formation, galaxies: high-redshift, intergalactic medium, cosmology: theory, dark ages, reionization, first stars},
     year = 2012,
    month = jun,
   volume = 423,
    pages = {862-876},
      doi = {10.1111/j.1365-2966.2012.20924.x},
   adsurl = {http://adsabs.harvard.edu/abs/2012MNRAS.423..862K},
  adsnote = {Provided by the SAO/NASA Astrophysics Data System}
}

@ARTICLE{2012MNRAS.tmpL...1M,
   author = {{Mitra}, S. and {Ferrara}, A. and {Choudhury}, T.~R.},
    title = "{The escape fraction of ionizing photons from high-redshift galaxies from data-constrained reionization models}",
  journal = {\mnras},
archivePrefix = "arXiv",
   eprint = {1207.3803},
 primaryClass = "astro-ph.CO",
 keywords = {intergalactic medium, cosmology: theory, dark ages, reionization, first stars, large-scale structure of Universe},
     year = 2012,
    month = sep,
    pages = {L1},
      doi = {10.1093/mnrasl/sls001},
   adsurl = {http://adsabs.harvard.edu/abs/2012MNRAS.tmpL...1M},
  adsnote = {Provided by the SAO/NASA Astrophysics Data System}
}

@ARTICLE{2005ARA&A..43..861W,
   author = {{Wolfe}, A.~M. and {Gawiser}, E. and {Prochaska}, J.~X.},
    title = "{Damped Ly {$\alpha$} Systems}",
  journal = {\araa},
   eprint = {arXiv:astro-ph/0509481},
     year = 2005,
    month = sep,
   volume = 43,
    pages = {861-918},
      doi = {10.1146/annurev.astro.42.053102.133950},
   adsurl = {http://adsabs.harvard.edu/abs/2005ARA%26A..43..861W},
  adsnote = {Provided by the SAO/NASA Astrophysics Data System}
}

@ARTICLE{2009MNRAS.398.1782R,
   author = {{Rollinde}, E. and {Vangioni}, E. and {Maurin}, D. and {Olive}, K.~A. and 
	{Daigne}, F. and {Silk}, J. and {Vincent}, F.~H.},
    title = "{Influence of Population III stars on cosmic chemical evolution}",
  journal = {\mnras},
archivePrefix = "arXiv",
   eprint = {0806.2663},
 keywords = {nuclear reactions, nucleosynthesis, abundances , methods: statistical , stars: abundances , stars: chemically peculiar , stars: formation , cosmology: miscellaneous},
     year = 2009,
    month = oct,
   volume = 398,
    pages = {1782-1792},
      doi = {10.1111/j.1365-2966.2009.15259.x},
   adsurl = {http://adsabs.harvard.edu/abs/2009MNRAS.398.1782R},
  adsnote = {Provided by the SAO/NASA Astrophysics Data System}
}

@ARTICLE{2006ApJ...642..382B,
   author = {{Bromm}, V. and {Loeb}, A.},
    title = "{High-Redshift Gamma-Ray Bursts from Population III Progenitors}",
  journal = {\apj},
   eprint = {arXiv:astro-ph/0509303},
 keywords = {Stars: Binaries: General, Cosmology: Theory, Gamma Rays: Bursts, Stars: Formation},
     year = 2006,
    month = may,
   volume = 642,
    pages = {382-388},
      doi = {10.1086/500799},
   adsurl = {http://adsabs.harvard.edu/abs/2006ApJ...642..382B},
  adsnote = {Provided by the SAO/NASA Astrophysics Data System}
}

@ARTICLE{2000MNRAS.318..817S,
   author = {{Schaye}, J. and {Theuns}, T. and {Rauch}, M. and {Efstathiou}, G. and 
	{Sargent}, W.~L.~W.},
    title = "{The thermal history of the intergalactic medium$^{*}$}",
  journal = {\mnras},
   eprint = {arXiv:astro-ph/9912432},
 keywords = {INTERGALACTIC MEDIUM, QUASARS: ABSORPTION LINES, COSMOLOGY: MISCELLANEOUS},
     year = 2000,
    month = nov,
   volume = 318,
    pages = {817-826},
      doi = {10.1046/j.1365-8711.2000.03815.x},
   adsurl = {http://adsabs.harvard.edu/abs/2000MNRAS.318..817S},
  adsnote = {Provided by the SAO/NASA Astrophysics Data System}
}

@ARTICLE{2012MNRAS.422.3019C,
   author = {{Calura}, F. and {Tescari}, E. and {D'Odorico}, V. and {Viel}, M. and 
	{Cristiani}, S. and {Kim}, T.-S. and {Bolton}, J.~S.},
    title = "{The Lyman {$\alpha$} forest flux probability distribution at z{\gt}3}",
  journal = {\mnras},
archivePrefix = "arXiv",
   eprint = {1201.5121},
 primaryClass = "astro-ph.CO",
 keywords = {methods: numerical, intergalactic medium, quasars: absorption lines, cosmology: observations},
     year = 2012,
    month = jun,
   volume = 422,
    pages = {3019-3036},
      doi = {10.1111/j.1365-2966.2012.20811.x},
   adsurl = {http://adsabs.harvard.edu/abs/2012MNRAS.422.3019C},
  adsnote = {Provided by the SAO/NASA Astrophysics Data System}
}

@ARTICLE{1999ApJ...513..142M,
   author = {{Mac Low}, M.-M. and {Ferrara}, A.},
    title = "{Starburst-driven Mass Loss from Dwarf Galaxies: Efficiency and Metal Ejection}",
  journal = {\apj},
   eprint = {arXiv:astro-ph/9801237},
 keywords = {GALAXIES: EVOLUTION, GALAXIES: STARBURST, GALAXIES: STELLAR CONTENT, HYDRODYNAMICS, STARS: SUPERNOVAE: GENERAL},
     year = 1999,
    month = mar,
   volume = 513,
    pages = {142-155},
      doi = {10.1086/306832},
   adsurl = {http://adsabs.harvard.edu/abs/1999ApJ...513..142M},
  adsnote = {Provided by the SAO/NASA Astrophysics Data System}
}

@ARTICLE{2004ApJ...616..643F,
   author = {{Fukugita}, M. and {Peebles}, P.~J.~E.},
    title = "{The Cosmic Energy Inventory}",
  journal = {\apj},
   eprint = {arXiv:astro-ph/0406095},
 keywords = {Cosmology: Miscellaneous},
     year = 2004,
    month = dec,
   volume = 616,
    pages = {643-668},
      doi = {10.1086/425155},
   adsurl = {http://adsabs.harvard.edu/abs/2004ApJ...616..643F},
  adsnote = {Provided by the SAO/NASA Astrophysics Data System}
}

@ARTICLE{2013arXiv1303.1791S,
   author = {{Spite}, M. and {Caffau}, E. and {Bonifacio}, P. and {Spite}, F. and 
	{Ludwig}, H.-G. and {PLEZ}, B. and {Christlieb}, N.},
    title = "{Carbon-enhanced metal-poor stars: the most pristine objects?}",
  journal = {ArXiv e-prints},
archivePrefix = "arXiv",
   eprint = {1303.1791},
 primaryClass = "astro-ph.GA",
 keywords = {Astrophysics - Galaxy Astrophysics, Astrophysics - Solar and Stellar Astrophysics},
     year = 2013,
    month = mar,
   adsurl = {http://adsabs.harvard.edu/abs/2013arXiv1303.1791S},
  adsnote = {Provided by the SAO/NASA Astrophysics Data System}
}

@ARTICLE{2012ApJ...745..154T,
   author = {{Turk}, M.~J. and {Oishi}, J.~S. and {Abel}, T. and {Bryan}, G.~L.
	},
    title = "{Magnetic Fields in Population III Star Formation}",
  journal = {\apj},
archivePrefix = "arXiv",
   eprint = {1112.4479},
 primaryClass = "astro-ph.CO",
 keywords = {cosmology: theory, galaxies: formation, H II regions, stars: formation},
     year = 2012,
    month = feb,
   volume = 745,
      eid = {154},
    pages = {154},
      doi = {10.1088/0004-637X/745/2/154},
   adsurl = {http://adsabs.harvard.edu/abs/2012ApJ...745..154T},
  adsnote = {Provided by the SAO/NASA Astrophysics Data System}
}

@ARTICLE{2003MNRAS.339..312S,
   author = {{Springel}, V. and {Hernquist}, L.},
    title = "{The history of star formation in a {$\Lambda$} cold dark matter universe}",
  journal = {\mnras},
   eprint = {arXiv:astro-ph/0206395},
 keywords = {methods: numerical, galaxies: evolution, galaxies: starburst},
     year = 2003,
    month = feb,
   volume = 339,
    pages = {312-334},
      doi = {10.1046/j.1365-8711.2003.06207.x},
   adsurl = {http://adsabs.harvard.edu/abs/2003MNRAS.339..312S},
  adsnote = {Provided by the SAO/NASA Astrophysics Data System}
}

@ARTICLE{2013ApJ...763L...7E,
   author = {{Ellis}, R.~S. and {McLure}, R.~J. and {Dunlop}, J.~S. and {Robertson}, B.~E. and 
	{Ono}, Y. and {Schenker}, M.~A. and {Koekemoer}, A. and {Bowler}, R.~A.~A. and 
	{Ouchi}, M. and {Rogers}, A.~B. and {Curtis-Lake}, E. and {Schneider}, E. and 
	{Charlot}, S. and {Stark}, D.~P. and {Furlanetto}, S.~R. and 
	{Cirasuolo}, M.},
    title = "{The Abundance of Star-forming Galaxies in the Redshift Range 8.5-12: New Results from the 2012 Hubble Ultra Deep Field Campaign}",
  journal = {\apjl},
archivePrefix = "arXiv",
   eprint = {1211.6804},
 primaryClass = "astro-ph.CO",
 keywords = {dark ages, reionization, first stars, galaxies: evolution, galaxies: formation, galaxies: stellar content },
     year = 2013,
    month = jan,
   volume = 763,
      eid = {L7},
    pages = {L7},
      doi = {10.1088/2041-8205/763/1/L7},
   adsurl = {http://adsabs.harvard.edu/abs/2013ApJ...763L...7E},
  adsnote = {Provided by the SAO/NASA Astrophysics Data System}
}

@ARTICLE{2009ARA&A..47..481A,
   author = {{Asplund}, M. and {Grevesse}, N. and {Sauval}, A.~J. and {Scott}, P.
	},
    title = "{The Chemical Composition of the Sun}",
  journal = {\araa},
archivePrefix = "arXiv",
   eprint = {0909.0948},
 primaryClass = "astro-ph.SR",
     year = 2009,
    month = sep,
   volume = 47,
    pages = {481-522},
      doi = {10.1146/annurev.astro.46.060407.145222},
   adsurl = {http://adsabs.harvard.edu/abs/2009ARA%26A..47..481A},
  adsnote = {Provided by the SAO/NASA Astrophysics Data System}
}

@ARTICLE{2005MNRAS.360..447M,
   author = {{Matteucci}, F. and {Calura}, F.},
    title = "{Early chemical enrichment of the universe and the role of very massive population III stars}",
  journal = {\mnras},
   eprint = {arXiv:astro-ph/0502487},
 keywords = {intergalactic medium, stars: early-type},
     year = 2005,
    month = jun,
   volume = 360,
    pages = {447-452},
      doi = {10.1111/j.1365-2966.2005.08908.x},
   adsurl = {http://adsabs.harvard.edu/abs/2005MNRAS.360..447M},
  adsnote = {Provided by the SAO/NASA Astrophysics Data System}
}

@ARTICLE{2013arXiv1301.1228R,
   author = {{Robertson}, B.~E. and {Furlanetto}, S.~R. and {Schneider}, E. and 
	{Charlot}, S. and {Ellis}, R.~S. and {Stark}, D.~P. and {McLure}, R.~J. and 
	{Dunlop}, J.~S. and {Koekemoer}, A. and {Schenker}, M.~A. and 
	{Ouchi}, M. and {Ono}, Y. and {Curtis-Lake}, E. and {Rogers}, A.~B. and 
	{Bowler}, R.~A.~A. and {Cirasuolo}, M.},
    title = "{New Constraints on Cosmic Reionization from the 2012 Hubble Ultra Deep Field Campaign}",
  journal = {ArXiv e-prints},
archivePrefix = "arXiv",
   eprint = {1301.1228},
 primaryClass = "astro-ph.CO",
 keywords = {Astrophysics - Cosmology and Extragalactic Astrophysics},
     year = 2013,
    month = jan,
   adsurl = {http://adsabs.harvard.edu/abs/2013arXiv1301.1228R},
  adsnote = {Provided by the SAO/NASA Astrophysics Data System}
}

@ARTICLE{2012ApJ...755...89R,
   author = {{Rafelski}, M. and {Wolfe}, A.~M. and {Prochaska}, J.~X. and 
	{Neeleman}, M. and {Mendez}, A.~J.},
    title = "{Metallicity Evolution of Damped Ly{$\alpha$} Systems Out to z \~{} 5}",
  journal = {\apj},
archivePrefix = "arXiv",
   eprint = {1205.5047},
 primaryClass = "astro-ph.CO",
 keywords = {Galaxy: halo, galaxies: abundances, galaxies: evolution, galaxies: general, galaxies: ISM, quasars: absorption lines},
     year = 2012,
    month = aug,
   volume = 755,
      eid = {89},
    pages = {89},
      doi = {10.1088/0004-637X/755/2/89},
   adsurl = {http://adsabs.harvard.edu/abs/2012ApJ...755...89R},
  adsnote = {Provided by the SAO/NASA Astrophysics Data System}
}

@ARTICLE{2004A&A...421..479V,
   author = {{Vladilo}, G.},
    title = "{The early build-up of dust in galaxies:  A study of damped Ly {$\alpha$} systems}",
  journal = {\aap},
   eprint = {arXiv:astro-ph/0403237},
 keywords = {ISM: dust, extinction, galaxies: ISM, galaxies: evolution, galaxies: high-redshift, galaxies: quasars: absorption lines},
     year = 2004,
    month = jul,
   volume = 421,
    pages = {479-490},
      doi = {10.1051/0004-6361:20035897},
   adsurl = {http://adsabs.harvard.edu/abs/2004A%26A...421..479V},
  adsnote = {Provided by the SAO/NASA Astrophysics Data System}
}

@ARTICLE{1999MNRAS.303..188K,
   author = {{Kauffmann}, G. and {Colberg}, J.~M. and {Diaferio}, A. and 
	{White}, S.~D.~M.},
    title = "{Clustering of galaxies in a hierarchical universe - I. Methods and results at z=0}",
  journal = {\mnras},
   eprint = {arXiv:astro-ph/9805283},
 keywords = {GALAXIES: FORMATION, GALAXIES: HALOES, DARK MATTER, LARGE-SCALE STRUCTURE OF UNIVERSE},
     year = 1999,
    month = feb,
   volume = 303,
    pages = {188-206},
      doi = {10.1046/j.1365-8711.1999.02202.x},
   adsurl = {http://adsabs.harvard.edu/abs/1999MNRAS.303..188K},
  adsnote = {Provided by the SAO/NASA Astrophysics Data System}
}

@ARTICLE{2000MNRAS.319..168C,
   author = {{Cole}, S. and {Lacey}, C.~G. and {Baugh}, C.~M. and {Frenk}, C.~S.
	},
    title = "{Hierarchical galaxy formation}",
  journal = {\mnras},
   eprint = {arXiv:astro-ph/0007281},
 keywords = {GALAXIES: FORMATION},
     year = 2000,
    month = nov,
   volume = 319,
    pages = {168-204},
      doi = {10.1046/j.1365-8711.2000.03879.x},
   adsurl = {http://adsabs.harvard.edu/abs/2000MNRAS.319..168C},
  adsnote = {Provided by the SAO/NASA Astrophysics Data System}
}

@ARTICLE{2010ApJ...723..869O,
   author = {{Ouchi}, M. and {Shimasaku}, K. and {Furusawa}, H. and {Saito}, T. and 
	{Yoshida}, M. and {Akiyama}, M. and {Ono}, Y. and {Yamada}, T. and 
	{Ota}, K. and {Kashikawa}, N. and {Iye}, M. and {Kodama}, T. and 
	{Okamura}, S. and {Simpson}, C. and {Yoshida}, M.},
    title = "{Statistics of 207 Ly{$\alpha$} Emitters at a Redshift Near 7: Constraints on Reionization and Galaxy Formation Models}",
  journal = {\apj},
archivePrefix = "arXiv",
   eprint = {1007.2961},
 primaryClass = "astro-ph.CO",
 keywords = {cosmology: observations, dark ages, reionization, first stars, galaxies: formation, galaxies: high-redshift, galaxies: luminosity function, mass function},
     year = 2010,
    month = nov,
   volume = 723,
    pages = {869-894},
      doi = {10.1088/0004-637X/723/1/869},
   adsurl = {http://adsabs.harvard.edu/abs/2010ApJ...723..869O},
  adsnote = {Provided by the SAO/NASA Astrophysics Data System}
}

@ARTICLE{2010MNRAS.407.1328M,
   author = {{Mesinger}, A.},
    title = "{Was reionization complete by z \~{} 5-6?}",
  journal = {\mnras},
archivePrefix = "arXiv",
   eprint = {0910.4161},
 primaryClass = "astro-ph.CO",
 keywords = {galaxies: formation, galaxies: high-redshift, cosmology: theory, dark ages, reionization, first stars, diffuse radiation, early Universe},
     year = 2010,
    month = sep,
   volume = 407,
    pages = {1328-1337},
      doi = {10.1111/j.1365-2966.2010.16995.x},
   adsurl = {http://adsabs.harvard.edu/abs/2010MNRAS.407.1328M},
  adsnote = {Provided by the SAO/NASA Astrophysics Data System}
}

@ARTICLE{2007MNRAS.381...75M,
   author = {{McQuinn}, M. and {Hernquist}, L. and {Zaldarriaga}, M. and 
	{Dutta}, S.},
    title = "{Studying reionization with Ly{$\alpha$} emitters}",
  journal = {\mnras},
archivePrefix = "arXiv",
   eprint = {0704.2239},
 keywords = {line: profiles, galaxies: high-redshift, intergalactic medium, cosmology: theory, diffuse radiation, large-scale structure of Universe},
     year = 2007,
    month = oct,
   volume = 381,
    pages = {75-96},
      doi = {10.1111/j.1365-2966.2007.12085.x},
   adsurl = {http://adsabs.harvard.edu/abs/2007MNRAS.381...75M},
  adsnote = {Provided by the SAO/NASA Astrophysics Data System}
}

@ARTICLE{2007MNRAS.381...75M,
   author = {{McQuinn}, M. and {Hernquist}, L. and {Zaldarriaga}, M. and 
	{Dutta}, S.},
    title = "{Studying reionization with Ly{$\alpha$} emitters}",
  journal = {\mnras},
archivePrefix = "arXiv",
   eprint = {0704.2239},
 keywords = {line: profiles, galaxies: high-redshift, intergalactic medium, cosmology: theory, diffuse radiation, large-scale structure of Universe},
     year = 2007,
    month = oct,
   volume = 381,
    pages = {75-96},
      doi = {10.1111/j.1365-2966.2007.12085.x},
   adsurl = {http://adsabs.harvard.edu/abs/2007MNRAS.381...75M},
  adsnote = {Provided by the SAO/NASA Astrophysics Data System}
}

@ARTICLE{2011MNRAS.416L..70B,
   author = {{Bolton}, J.~S. and {Haehnelt}, M.~G. and {Warren}, S.~J. and 
	{Hewett}, P.~C. and {Mortlock}, D.~J. and {Venemans}, B.~P. and 
	{McMahon}, R.~G. and {Simpson}, C.},
    title = "{How neutral is the intergalactic medium surrounding the redshift z = 7.085 quasar ULAS J1120+0641?}",
  journal = {\mnras},
archivePrefix = "arXiv",
   eprint = {1106.6089},
 primaryClass = "astro-ph.CO",
 keywords = {dark ages, reionization, first stars, intergalactic medium, quasars: absorption lines},
     year = 2011,
    month = sep,
   volume = 416,
    pages = {L70-L74},
      doi = {10.1111/j.1745-3933.2011.01100.x},
   adsurl = {http://cdsads.u-strasbg.fr/abs/2011MNRAS.416L..70B},
  adsnote = {Provided by the SAO/NASA Astrophysics Data System}
}

@ARTICLE{2008MNRAS.388.1101M,
   author = {{McQuinn}, M. and {Lidz}, A. and {Zaldarriaga}, M. and {Hernquist}, L. and 
	{Dutta}, S.},
    title = "{Probing the neutral fraction of the IGM with GRBs during the epoch of reionization}",
  journal = {\mnras},
archivePrefix = "arXiv",
   eprint = {0710.1018},
 keywords = {galaxies: high-redshift , intergalactic medium , cosmology: theory},
     year = 2008,
    month = aug,
   volume = 388,
    pages = {1101-1110},
      doi = {10.1111/j.1365-2966.2008.13271.x},
   adsurl = {http://adsabs.harvard.edu/abs/2008MNRAS.388.1101M},
  adsnote = {Provided by the SAO/NASA Astrophysics Data System}
}

@ARTICLE{2011MNRAS.410.1096B,
   author = {{Becker}, G.~D. and {Bolton}, J.~S. and {Haehnelt}, M.~G. and 
	{Sargent}, W.~L.~W.},
    title = "{Detection of extended He II reionization in the temperature evolution of the intergalactic medium}",
  journal = {\mnras},
archivePrefix = "arXiv",
   eprint = {1008.2622},
 primaryClass = "astro-ph.CO",
 keywords = {intergalactic medium, quasars: absorption lines, cosmology: observations, dark ages, reionization, first stars, early Universe},
     year = 2011,
    month = jan,
   volume = 410,
    pages = {1096-1112},
      doi = {10.1111/j.1365-2966.2010.17507.x},
   adsurl = {http://adsabs.harvard.edu/abs/2011MNRAS.410.1096B},
  adsnote = {Provided by the SAO/NASA Astrophysics Data System}
}

@ARTICLE{2010ApJ...718..199L,
   author = {{Lidz}, A. and {Faucher-Gigu{\`e}re}, C.-A. and {Dall'Aglio}, A. and 
	{McQuinn}, M. and {Fechner}, C. and {Zaldarriaga}, M. and {Hernquist}, L. and 
	{Dutta}, S.},
    title = "{A Measurement of Small-scale Structure in the 2.2 {\lt}= z {\lt}= 4.2 Ly{$\alpha$} Forest}",
  journal = {\apj},
archivePrefix = "arXiv",
   eprint = {0909.5210},
 primaryClass = "astro-ph.CO",
 keywords = {cosmology: theory, intergalactic medium, large-scale structure of universe},
     year = 2010,
    month = jul,
   volume = 718,
    pages = {199-230},
      doi = {10.1088/0004-637X/718/1/199},
   adsurl = {http://adsabs.harvard.edu/abs/2010ApJ...718..199L},
  adsnote = {Provided by the SAO/NASA Astrophysics Data System}
}

@ARTICLE{1989GeCoA..53..197A,
   author = {{Anders}, E. and {Grevesse}, N.},
    title = "{Abundances of the elements - Meteoritic and solar}",
  journal = {\gca},
 keywords = {ABUNDANCE, CHEMICAL ANALYSIS, CHONDRITES, METEORITIC COMPOSITION, PHOTOSPHERE, SOLAR CORONA, ENERGETIC PARTICLES, ISOTOPES, SOLAR WIND, METEORITES, ABUNDANCE, SAMPLES, METEORITE, CI CHONDRITES, SUN, CORONA, PHOTOSPHERE, REVIEW, ELEMENTS, FRACTIONATION, SOLAR SYSTEM, NUCLIDES, SOLAR WIND, CHARGED PARTICLES, RARE GASES, REFRACTORY ELEMENTS, COMETS, SIDEROPHILES, VOLATILES, NUCLEOSYNTHESIS, HALLEY, COMPARISONS},
     year = 1989,
    month = jan,
   volume = 53,
    pages = {197-214},
      doi = {10.1016/0016-7037(89)90286-X},
   adsurl = {http://adsabs.harvard.edu/abs/1989GeCoA..53..197A},
  adsnote = {Provided by the SAO/NASA Astrophysics Data System}
}

@ARTICLE{2002Sci...295...93A,
   author = {{Abel}, T. and {Bryan}, G.~L. and {Norman}, M.~L.},
    title = "{The Formation of the First Star in the Universe}",
  journal = {Science},
   eprint = {arXiv:astro-ph/0112088},
     year = 2002,
    month = jan,
   volume = 295,
    pages = {93-98},
      doi = {10.1126/science.295.5552.93},
   adsurl = {http://adsabs.harvard.edu/abs/2002Sci...295...93A},
  adsnote = {Provided by the SAO/NASA Astrophysics Data System}
}

@ARTICLE{2009Sci...325..601T,
   author = {{Turk}, M.~J. and {Abel}, T. and {O'Shea}, B.},
    title = "{The Formation of Population III Binaries from Cosmological Initial Conditions}",
  journal = {Science},
archivePrefix = "arXiv",
   eprint = {0907.2919},
 primaryClass = "astro-ph.CO",
     year = 2009,
    month = jul,
   volume = 325,
    pages = {601-},
      doi = {10.1126/science.1173540},
   adsurl = {http://adsabs.harvard.edu/abs/2009Sci...325..601T},
  adsnote = {Provided by the SAO/NASA Astrophysics Data System}
}

@ARTICLE{2011ApJ...729L...3D,
   author = {{Dopcke}, G. and {Glover}, S.~C.~O. and {Clark}, P.~C. and {Klessen}, R.~S.
	},
    title = "{The Effect of Dust Cooling on Low-metallicity Star-forming Clouds}",
  journal = {\apjl},
archivePrefix = "arXiv",
   eprint = {1101.4891},
 primaryClass = "astro-ph.GA",
 keywords = {early universe, hydrodynamics, methods: numerical, stars: formation, stars: luminosity function, mass function},
     year = 2011,
    month = mar,
   volume = 729,
      eid = {L3},
    pages = {L3},
      doi = {10.1088/2041-8205/729/1/L3},
   adsurl = {http://adsabs.harvard.edu/abs/2011ApJ...729L...3D},
  adsnote = {Provided by the SAO/NASA Astrophysics Data System}
}

@ARTICLE{2012ApJ...748..121C,
   author = {{Cen}, R.},
    title = "{The Nature of Damped Ly{$\alpha$} Systems and Their Hosts in the Standard Cold Dark Matter Universe}",
  journal = {\apj},
 keywords = {galaxies: evolution, galaxies: interactions, intergalactic medium, ISM: kinematics and dynamics, methods: numerical},
     year = 2012,
    month = apr,
   volume = 748,
      eid = {121},
    pages = {121},
      doi = {10.1088/0004-637X/748/2/121},
   adsurl = {http://adsabs.harvard.edu/abs/2012ApJ...748..121C},
  adsnote = {Provided by the SAO/NASA Astrophysics Data System}
}

@ARTICLE{2011MNRAS.418.1796F,
   author = {{Fumagalli}, M. and {Prochaska}, J.~X. and {Kasen}, D. and {Dekel}, A. and 
	{Ceverino}, D. and {Primack}, J.~R.},
    title = "{Absorption-line systems in simulated galaxies fed by cold streams}",
  journal = {\mnras},
archivePrefix = "arXiv",
   eprint = {1103.2130},
 primaryClass = "astro-ph.CO",
 keywords = {radiative transfer, galaxies: evolution, galaxies: formation, galaxies: high-redshift, intergalactic medium, quasars: absorption lines},
     year = 2011,
    month = dec,
   volume = 418,
    pages = {1796-1821},
      doi = {10.1111/j.1365-2966.2011.19599.x},
   adsurl = {http://adsabs.harvard.edu/abs/2011MNRAS.418.1796F},
  adsnote = {Provided by the SAO/NASA Astrophysics Data System}
}

@ARTICLE{2011MNRAS.415...11D,
   author = {{Dav{\'e}}, R. and {Oppenheimer}, B.~D. and {Finlator}, K.},
    title = "{Galaxy evolution in cosmological simulations with outflows - I. Stellar masses and star formation rates}",
  journal = {\mnras},
archivePrefix = "arXiv",
   eprint = {1103.3528},
 primaryClass = "astro-ph.CO",
 keywords = {methods: numerical, galaxies: formation, intergalactic medium, cosmology: theory},
     year = 2011,
    month = jul,
   volume = 415,
    pages = {11-31},
      doi = {10.1111/j.1365-2966.2011.18680.x},
   adsurl = {http://adsabs.harvard.edu/abs/2011MNRAS.415...11D},
  adsnote = {Provided by the SAO/NASA Astrophysics Data System}
}

@ARTICLE{2012A&A...547L...1N,
   author = {{Noterdaeme}, P. and {Petitjean}, P. and {Carithers}, W.~C. and 
	{P{\^a}ris}, I. and {Font-Ribera}, A. and {Bailey}, S. and {Aubourg}, E. and 
	{Bizyaev}, D. and {Ebelke}, G. and {Finley}, H. and {Ge}, J. and 
	{Malanushenko}, E. and {Malanushenko}, V. and {Miralda-Escud{\'e}}, J. and 
	{Myers}, A.~D. and {Oravetz}, D. and {Pan}, K. and {Pieri}, M.~M. and 
	{Ross}, N.~P. and {Schneider}, D.~P. and {Simmons}, A. and {York}, D.~G.
	},
    title = "{Column density distribution and cosmological mass density of neutral gas: Sloan Digital Sky Survey-III Data Release 9}",
  journal = {\aap},
archivePrefix = "arXiv",
   eprint = {1210.1213},
 primaryClass = "astro-ph.CO",
 keywords = {cosmology: observations, quasars: absorption lines, galaxies: evolution},
     year = 2012,
    month = nov,
   volume = 547,
      eid = {L1},
    pages = {L1},
      doi = {10.1051/0004-6361/201220259},
   adsurl = {http://adsabs.harvard.edu/abs/2012A%26A...547L...1N},
  adsnote = {Provided by the SAO/NASA Astrophysics Data System}
}

@ARTICLE{2012arXiv1212.5226H,
   author = {{Hinshaw}, G. and {Larson}, D. and {Komatsu}, E. and {Spergel}, D.~N. and 
	{Bennett}, C.~L. and {Dunkley}, J. and {Nolta}, M.~R. and {Halpern}, M. and 
	{Hill}, R.~S. and {Odegard}, N. and {Page}, L. and {Smith}, K.~M. and 
	{Weiland}, J.~L. and {Gold}, B. and {Jarosik}, N. and {Kogut}, A. and 
	{Limon}, M. and {Meyer}, S.~S. and {Tucker}, G.~S. and {Wollack}, E. and 
	{Wright}, E.~L.},
    title = "{Nine-Year Wilkinson Microwave Anisotropy Probe (WMAP) Observations: Cosmological Parameter Results}",
  journal = {ArXiv e-prints},
archivePrefix = "arXiv",
   eprint = {1212.5226},
 primaryClass = "astro-ph.CO",
 keywords = {Astrophysics - Cosmology and Extragalactic Astrophysics},
     year = 2012,
    month = dec,
   adsurl = {http://adsabs.harvard.edu/abs/2012arXiv1212.5226H},
  adsnote = {Provided by the SAO/NASA Astrophysics Data System}
}

@ARTICLE{2004MNRAS.348L..43B,
   author = {{Bolton}, J. and {Meiksin}, A. and {White}, M.},
    title = "{Radiative transfer through the intergalactic medium}",
  journal = {\mnras},
   eprint = {arXiv:astro-ph/0312524},
 keywords = {methods: numerical, intergalactic medium, quasars: absorption lines},
     year = 2004,
    month = mar,
   volume = 348,
    pages = {L43-L48},
      doi = {10.1111/j.1365-2966.2004.07567.x},
   adsurl = {http://adsabs.harvard.edu/abs/2004MNRAS.348L..43B},
  adsnote = {Provided by the SAO/NASA Astrophysics Data System}
}

@ARTICLE{2009ApJ...694..842M,
   author = {{McQuinn}, M. and {Lidz}, A. and {Zaldarriaga}, M. and {Hernquist}, L. and 
	{Hopkins}, P.~F. and {Dutta}, S. and {Faucher-Gigu{\`e}re}, C.-A.
	},
    title = "{He II Reionization and its Effect on the Intergalactic Medium}",
  journal = {\apj},
archivePrefix = "arXiv",
   eprint = {0807.2799},
 keywords = {cosmology: theory, intergalactic medium},
     year = 2009,
    month = apr,
   volume = 694,
    pages = {842-866},
      doi = {10.1088/0004-637X/694/2/842},
   adsurl = {http://adsabs.harvard.edu/abs/2009ApJ...694..842M},
  adsnote = {Provided by the SAO/NASA Astrophysics Data System}
}

@ARTICLE{2012MNRAS.423....7M,
   author = {{Meiksin}, A. and {Tittley}, E.~R.},
    title = "{The impact of helium reionization on the structure of the intergalactic medium}",
  journal = {\mnras},
archivePrefix = "arXiv",
   eprint = {1109.5037},
 primaryClass = "astro-ph.CO",
 keywords = {radiative transfer, quasars: absorption lines, quasars: general, large-scale structure of Universe},
     year = 2012,
    month = jun,
   volume = 423,
    pages = {7-25},
      doi = {10.1111/j.1365-2966.2011.20380.x},
   adsurl = {http://adsabs.harvard.edu/abs/2012MNRAS.423....7M},
  adsnote = {Provided by the SAO/NASA Astrophysics Data System}
}

@ARTICLE{2012ApJ...757L..30R,
   author = {{Rudie}, G.~C. and {Steidel}, C.~C. and {Pettini}, M.},
    title = "{The Temperature-Density Relation in the Intergalactic Medium at Redshift langzrang = 2.4}",
  journal = {\apjl},
archivePrefix = "arXiv",
   eprint = {1209.0005},
 primaryClass = "astro-ph.CO",
 keywords = {intergalactic medium, quasars: absorption lines},
     year = 2012,
    month = oct,
   volume = 757,
      eid = {L30},
    pages = {L30},
      doi = {10.1088/2041-8205/757/2/L30},
   adsurl = {http://adsabs.harvard.edu/abs/2012ApJ...757L..30R},
  adsnote = {Provided by the SAO/NASA Astrophysics Data System}
}

@ARTICLE{2004MNRAS.347..942G,
   author = {{Gal-Yam}, A. and {Maoz}, D.},
    title = "{The redshift distribution of type Ia supernovae: constraints on progenitors and cosmic star formation history}",
  journal = {\mnras},
   eprint = {arXiv:astro-ph/0309796},
 keywords = {stars: formation, supernovae: general},
     year = 2004,
    month = jan,
   volume = 347,
    pages = {942-950},
      doi = {10.1111/j.1365-2966.2004.07237.x},
   adsurl = {http://adsabs.harvard.edu/abs/2004MNRAS.347..942G},
  adsnote = {Provided by the SAO/NASA Astrophysics Data System}
}

@ARTICLE{2006MNRAS.370..773M,
   author = {{Mannucci}, F. and {Della Valle}, M. and {Panagia}, N.},
    title = "{Two populations of progenitors for Type Ia supernovae?}",
  journal = {\mnras},
   eprint = {arXiv:astro-ph/0510315},
 keywords = {supernovae: general: white dwarfs: galaxies: abundances, supernovae: general, white dwarfs, galaxies: abundances},
     year = 2006,
    month = aug,
   volume = 370,
    pages = {773-783},
      doi = {10.1111/j.1365-2966.2006.10501.x},
   adsurl = {http://adsabs.harvard.edu/abs/2006MNRAS.370..773M},
  adsnote = {Provided by the SAO/NASA Astrophysics Data System}
}

@ARTICLE{2003MNRAS.340...59C,
   author = {{Calura}, F. and {Matteucci}, F. and {Vladilo}, G.},
    title = "{Chemical evolution and nature of damped Lyman {$\alpha$} systems}",
  journal = {\mnras},
   eprint = {arXiv:astro-ph/0211153},
 keywords = {galaxies: abundances, galaxies: evolution, galaxies: high-redshift, cosmology: observations},
     year = 2003,
    month = mar,
   volume = 340,
    pages = {59-72},
      doi = {10.1046/j.1365-8711.2003.06197.x},
   adsurl = {http://adsabs.harvard.edu/abs/2003MNRAS.340...59C},
  adsnote = {Provided by the SAO/NASA Astrophysics Data System}
}

@ARTICLE{1996ApJ...462...57M,
   author = {{Malaney}, R.~A. and {Chaboyer}, B.},
    title = "{Star Formation and Chemical Evolution in Damped LY alpha Clouds}",
  journal = {\apj},
   eprint = {arXiv:astro-ph/9510078},
 keywords = {COSMOLOGY: THEORY, ISM: DUST, EXTINCTION, GALAXIES: ABUNDANCES, GALAXIES: QUASARS: ABSORPTION LINES, STARS: FORMATION},
     year = 1996,
    month = may,
   volume = 462,
    pages = {57},
      doi = {10.1086/177127},
   adsurl = {http://adsabs.harvard.edu/abs/1996ApJ...462...57M},
  adsnote = {Provided by the SAO/NASA Astrophysics Data System}
}

@ARTICLE{2013ApJ...775...81R,
   author = {{Rorai}, A. and {Hennawi}, J.~F. and {White}, M.},
    title = "{A New Method to Directly Measure the Jeans Scale of the Intergalactic Medium Using Close Quasar Pairs}",
  journal = {\apj},
archivePrefix = "arXiv",
   eprint = {1305.0210},
 primaryClass = "astro-ph.CO",
 keywords = {dark ages, reionization, first stars, intergalactic medium, large-scale structure of universe, quasars: absorption lines },
     year = 2013,
    month = oct,
   volume = 775,
      eid = {81},
    pages = {81},
      doi = {10.1088/0004-637X/775/2/81},
   adsurl = {http://adsabs.harvard.edu/abs/2013ApJ...775...81R},
  adsnote = {Provided by the SAO/NASA Astrophysics Data System}
}

@ARTICLE{2009RvMP...81.1405M,
   author = {{Meiksin}, A.~A.},
    title = "{The physics of the intergalactic medium}",
  journal = {Reviews of Modern Physics},
archivePrefix = "arXiv",
   eprint = {0711.3358},
 keywords = {Atomic processes and interactions, Dark matter, Intergalactic matter, quasar absorption and emission-line systems, Lyman forest, Cosmology},
     year = 2009,
    month = oct,
   volume = 81,
    pages = {1405-1469},
      doi = {10.1103/RevModPhys.81.1405},
   adsurl = {http://adsabs.harvard.edu/abs/2009RvMP...81.1405M},
  adsnote = {Provided by the SAO/NASA Astrophysics Data System}
}

@ARTICLE{1994ApJ...437L...9C,
   author = {{Cen}, R. and {Miralda-Escud{\'e}}, J. and {Ostriker}, J.~P. and 
	{Rauch}, M.},
    title = "{Gravitational collapse of small-scale structure as the origin of the Lyman-alpha forest}",
  journal = {\apjl},
   eprint = {astro-ph/9409017},
 keywords = {Astronomical Models, Cosmology, Gravitational Collapse, Gravitational Lenses, Quasars, Absorption Spectra, Hydrodynamics, Line Spectra, Lyman Alpha Radiation, Photoionization, Red Shift, Signal To Noise Ratios},
     year = 1994,
    month = dec,
   volume = 437,
    pages = {L9-L12},
      doi = {10.1086/187670},
   adsurl = {http://adsabs.harvard.edu/abs/1994ApJ...437L...9C},
  adsnote = {Provided by the SAO/NASA Astrophysics Data System}
}

@ARTICLE{2015MNRAS.446.3697L,
   author = {{Luki{\'c}}, Z. and {Stark}, C.~W. and {Nugent}, P. and {White}, M. and 
	{Meiksin}, A.~A. and {Almgren}, A.},
    title = "{The Lyman {$\alpha$} forest in optically thin hydrodynamical simulations}",
  journal = {\mnras},
archivePrefix = "arXiv",
   eprint = {1406.6361},
 keywords = {methods: numerical, intergalactic medium, quasars: absorption lines, large-scale structure of universe},
     year = 2015,
    month = feb,
   volume = 446,
    pages = {3697-3724},
      doi = {10.1093/mnras/stu2377},
   adsurl = {http://adsabs.harvard.edu/abs/2015MNRAS.446.3697L},
  adsnote = {Provided by the SAO/NASA Astrophysics Data System}
}

@ARTICLE{2002ApJ...580..634C,
   author = {{Croft}, R.~A.~C. and {Hernquist}, L. and {Springel}, V. and 
	{Westover}, M. and {White}, M.},
    title = "{High-Redshift Galaxies and the Ly{$\alpha$} Forest in a Cold Dark Matter Universe}",
  journal = {\apj},
   eprint = {astro-ph/0204460},
 keywords = {Cosmology: Observations, Cosmology: Theory, Galaxies: Intergalactic Medium, Cosmology: Large-Scale Structure of Universe, methods: N-body simulations, Galaxies: Quasars: Absorption Lines},
     year = 2002,
    month = dec,
   volume = 580,
    pages = {634-652},
      doi = {10.1086/343889},
   adsurl = {http://adsabs.harvard.edu/abs/2002ApJ...580..634C},
  adsnote = {Provided by the SAO/NASA Astrophysics Data System}
}

@ARTICLE{2001MNRAS.327..296M,
   author = {{Meiksin}, A. and {Bryan}, G. and {Machacek}, M.},
    title = "{Hydrodynamical simulations of the Ly{$\alpha$} forest: data comparisons}",
  journal = {\mnras},
   eprint = {astro-ph/0102367},
 keywords = {HYDRODYNAMICS, METHODS: NUMERICAL, INTERGALACTIC MEDIUM, QUASARS: ABSORPTION LINES, COSMOLOGY: THEORY, LARGE-SCALE STRUCTURE OF UNIVERSE},
     year = 2001,
    month = oct,
   volume = 327,
    pages = {296-322},
      doi = {10.1046/j.1365-8711.2001.04719.x},
   adsurl = {http://adsabs.harvard.edu/abs/2001MNRAS.327..296M},
  adsnote = {Provided by the SAO/NASA Astrophysics Data System}
}

@ARTICLE{2000ApJ...543....1M,
   author = {{McDonald}, P. and {Miralda-Escud{\'e}}, J. and {Rauch}, M. and 
	{Sargent}, W.~L.~W. and {Barlow}, T.~A. and {Cen}, R. and {Ostriker}, J.~P.
	},
    title = "{The Observed Probability Distribution Function, Power Spectrum, and Correlation Function of the Transmitted Flux in the Ly{$\alpha$} Forest}",
  journal = {\apj},
   eprint = {astro-ph/9911196},
 keywords = {Cosmology: Observations, Galaxies: Intergalactic Medium, Cosmology: Large-Scale Structure of Universe, Galaxies: Quasars: Absorption Lines},
     year = 2000,
    month = nov,
   volume = 543,
    pages = {1-23},
      doi = {10.1086/317079},
   adsurl = {http://adsabs.harvard.edu/abs/2000ApJ...543....1M},
  adsnote = {Provided by the SAO/NASA Astrophysics Data System}
}

@ARTICLE{1997ApJ...485..496Z,
   author = {{Zhang}, Y. and {Anninos}, P. and {Norman}, M.~L. and {Meiksin}, A.
	},
    title = "{Spectral Analysis of the Ly{$\alpha$} Forest in a Cold Dark Matter Cosmology}",
  journal = {\apj},
   eprint = {astro-ph/9609194},
 keywords = {Cosmology: Theory, Cosmology: Dark Matter, Galaxies: Intergalactic Medium, Methods: Numerical, Galaxies: Quasars: Absorption Lines},
     year = 1997,
    month = aug,
   volume = 485,
    pages = {496-516},
   adsurl = {http://adsabs.harvard.edu/abs/1997ApJ...485..496Z},
  adsnote = {Provided by the SAO/NASA Astrophysics Data System}
}

@ARTICLE{1996ApJ...457L..51H,
   author = {{Hernquist}, L. and {Katz}, N. and {Weinberg}, D.~H. and {Miralda-Escud{\'e}}, J.
	},
    title = "{The Lyman-Alpha Forest in the Cold Dark Matter Model}",
  journal = {\apjl},
   eprint = {astro-ph/9509105},
 keywords = {GALAXIES: QUASARS: ABSORPTION LINES, GALAXIES: FORMATION, COSMOLOGY: LARGE-SCALE STRUCTURE OF UNIVERSE},
     year = 1996,
    month = feb,
   volume = 457,
    pages = {L51},
      doi = {10.1086/309899},
   adsurl = {http://adsabs.harvard.edu/abs/1996ApJ...457L..51H},
  adsnote = {Provided by the SAO/NASA Astrophysics Data System}
}

@ARTICLE{1995ApJ...453L..57Z,
   author = {{Zhang}, Y. and {Anninos}, P. and {Norman}, M.~L.},
    title = "{A Multispecies Model for Hydrogen and Helium Absorbers in Lyman-Alpha Forest Clouds}",
  journal = {\apjl},
   eprint = {astro-ph/9508133},
 keywords = {COSMOLOGY: EARLY UNIVERSE, HYDRODYNAMICS, INTERGALACTIC MEDIUM, GALAXIES: QUASARS: ABSORPTION LINES},
     year = 1995,
    month = nov,
   volume = 453,
    pages = {L57},
      doi = {10.1086/309752},
   adsurl = {http://adsabs.harvard.edu/abs/1995ApJ...453L..57Z},
  adsnote = {Provided by the SAO/NASA Astrophysics Data System}
}

@ARTICLE{2012RPPh...75h6901P,
   author = {{Pritchard}, J.~R. and {Loeb}, A.},
    title = "{21 cm cosmology in the 21st century}",
  journal = {Reports on Progress in Physics},
archivePrefix = "arXiv",
   eprint = {1109.6012},
 primaryClass = "astro-ph.CO",
     year = 2012,
    month = aug,
   volume = 75,
   number = 8,
      eid = {086901},
    pages = {086901},
      doi = {10.1088/0034-4885/75/8/086901},
   adsurl = {http://adsabs.harvard.edu/abs/2012RPPh...75h6901P},
  adsnote = {Provided by the SAO/NASA Astrophysics Data System}
}

@ARTICLE{1997MNRAS.292...27H,
   author = {{Hui}, L. and {Gnedin}, N.~Y.},
    title = "{Equation of state of the photoionized intergalactic medium}",
  journal = {\mnras},
   eprint = {astro-ph/9612232},
 keywords = {Equations Of State, Intergalactic Media, Photoionization, Absorption Spectra, Quasars},
     year = 1997,
    month = nov,
   volume = 292,
    pages = {27},
   adsurl = {http://adsabs.harvard.edu/abs/1997MNRAS.292...27H},
  adsnote = {Provided by the SAO/NASA Astrophysics Data System}
}

@ARTICLE{2001ApJ...557..519Z,
   author = {{Zaldarriaga}, M. and {Hui}, L. and {Tegmark}, M.},
    title = "{Constraints from the Ly{$\alpha$} Forest Power Spectrum}",
  journal = {\apj},
   eprint = {astro-ph/0011559},
 keywords = {Cosmology: Theory, Galaxies: Intergalactic Medium, Cosmology: Large-Scale Structure of Universe, Methods: Data Analysis, Galaxies: Quasars: Absorption Lines},
     year = 2001,
    month = aug,
   volume = 557,
    pages = {519-526},
      doi = {10.1086/321652},
   adsurl = {http://adsabs.harvard.edu/abs/2001ApJ...557..519Z},
  adsnote = {Provided by the SAO/NASA Astrophysics Data System}
}

@ARTICLE{2009MNRAS.399L..39V,
   author = {{Viel}, M. and {Bolton}, J.~S. and {Haehnelt}, M.~G.},
    title = "{Cosmological and astrophysical constraints from the Lyman {$\alpha$} forest flux probability distribution function}",
  journal = {\mnras},
archivePrefix = "arXiv",
   eprint = {0907.2927},
 primaryClass = "astro-ph.CO",
 keywords = {methods: numerical , intergalactic medium , cosmology: theory},
     year = 2009,
    month = oct,
   volume = 399,
    pages = {L39-L43},
      doi = {10.1111/j.1745-3933.2009.00720.x},
   adsurl = {http://adsabs.harvard.edu/abs/2009MNRAS.399L..39V},
  adsnote = {Provided by the SAO/NASA Astrophysics Data System}
}

@ARTICLE{2012MNRAS.424.1723G,
   author = {{Garzilli}, A. and {Bolton}, J.~S. and {Kim}, T.-S. and {Leach}, S. and 
	{Viel}, M.},
    title = "{The intergalactic medium thermal history at redshift z = 1.7-3.2 from the Ly{$\alpha$} forest: a comparison of measurements using wavelets and the flux distribution}",
  journal = {\mnras},
archivePrefix = "arXiv",
   eprint = {1202.3577},
 primaryClass = "astro-ph.CO",
 keywords = {methods: data analysis, methods: numerical, intergalactic medium, cosmology: theory },
     year = 2012,
    month = aug,
   volume = 424,
    pages = {1723-1736},
      doi = {10.1111/j.1365-2966.2012.21223.x},
   adsurl = {http://adsabs.harvard.edu/abs/2012MNRAS.424.1723G},
  adsnote = {Provided by the SAO/NASA Astrophysics Data System}
}

@ARTICLE{2002MNRAS.332..367T,
   author = {{Theuns}, T. and {Zaroubi}, S. and {Kim}, T.-S. and {Tzanavaris}, P. and 
	{Carswell}, R.~F.},
    title = "{Temperature fluctuations in the intergalactic medium}",
  journal = {\mnras},
   eprint = {astro-ph/0110600},
 keywords = {hydrodynamics, intergalactic medium, quasars: absorption lines, cosmology: theory, large-scale structure of Universe},
     year = 2002,
    month = may,
   volume = 332,
    pages = {367-382},
      doi = {10.1046/j.1365-8711.2002.05316.x},
   adsurl = {http://adsabs.harvard.edu/abs/2002MNRAS.332..367T},
  adsnote = {Provided by the SAO/NASA Astrophysics Data System}
}

@ARTICLE{2000MNRAS.317..989T,
   author = {{Theuns}, T. and {Zaroubi}, S.},
    title = "{A wavelet analysis of the spectra of quasi-stellar objects}",
  journal = {\mnras},
   eprint = {astro-ph/0002172},
 keywords = {HYDRODYNAMICS, INTERGALACTIC MEDIUM, QUASARS: ABSORPTION LINES, COSMOLOGY: THEORY, LARGE-SCALE STRUCTURE OF UNIVERSE},
     year = 2000,
    month = oct,
   volume = 317,
    pages = {989-995},
      doi = {10.1046/j.1365-8711.2000.03729.x},
   adsurl = {http://adsabs.harvard.edu/abs/2000MNRAS.317..989T},
  adsnote = {Provided by the SAO/NASA Astrophysics Data System}
}

@ARTICLE{2014MNRAS.441.1916B,
   author = {{Boera}, E. and {Murphy}, M.~T. and {Becker}, G.~D. and {Bolton}, J.~S.
	},
    title = "{The thermal history of the intergalactic medium down to redshift z = 1.5: a new curvature measurement}",
  journal = {\mnras},
archivePrefix = "arXiv",
   eprint = {1404.1083},
 keywords = {intergalactic medium, quasars: absorption lines, cosmology: observations},
     year = 2014,
    month = jul,
   volume = 441,
    pages = {1916-1933},
      doi = {10.1093/mnras/stu660},
   adsurl = {http://adsabs.harvard.edu/abs/2014MNRAS.441.1916B},
  adsnote = {Provided by the SAO/NASA Astrophysics Data System}
}

@ARTICLE{2008MNRAS.386.1131B,
   author = {{Bolton}, J.~S. and {Viel}, M. and {Kim}, T.-S. and {Haehnelt}, M.~G. and 
	{Carswell}, R.~F.},
    title = "{Possible evidence for an inverted temperature-density relation in the intergalactic medium from the flux distribution of the Ly{$\alpha$} forest}",
  journal = {\mnras},
archivePrefix = "arXiv",
   eprint = {0711.2064},
 keywords = {hydrodynamics , methods: numerical , intergalactic medium , quasars: absorption lines},
     year = 2008,
    month = may,
   volume = 386,
    pages = {1131-1144},
      doi = {10.1111/j.1365-2966.2008.13114.x},
   adsurl = {http://adsabs.harvard.edu/abs/2008MNRAS.386.1131B},
  adsnote = {Provided by the SAO/NASA Astrophysics Data System}
}

@ARTICLE{2007MNRAS.382.1657K,
   author = {{Kim}, T.-S. and {Bolton}, J.~S. and {Viel}, M. and {Haehnelt}, M.~G. and 
	{Carswell}, R.~F.},
    title = "{An improved measurement of the flux distribution of the Ly{$\alpha$} forest in QSO absorption spectra: the effect of continuum fitting, metal contamination and noise properties}",
  journal = {\mnras},
archivePrefix = "arXiv",
   eprint = {0711.1862},
 keywords = {intergalactic medium, quasars: absorption lines, cosmology: observations},
     year = 2007,
    month = dec,
   volume = 382,
    pages = {1657-1674},
      doi = {10.1111/j.1365-2966.2007.12406.x},
   adsurl = {http://adsabs.harvard.edu/abs/2007MNRAS.382.1657K},
  adsnote = {Provided by the SAO/NASA Astrophysics Data System}
}

@ARTICLE{2001ApJ...562...52M,
   author = {{McDonald}, P. and {Miralda-Escud{\'e}}, J. and {Rauch}, M. and 
	{Sargent}, W.~L.~W. and {Barlow}, T.~A. and {Cen}, R.},
    title = "{A Measurement of the Temperature-Density Relation in the Intergalactic Medium Using a New Ly{$\alpha$} Absorption-Line Fitting Method}",
  journal = {\apj},
   eprint = {astro-ph/0005553},
 keywords = {Cosmology: Observations, Galaxies: Intergalactic Medium, Galaxies: Quasars: Absorption Lines},
     year = 2001,
    month = nov,
   volume = 562,
    pages = {52-75},
      doi = {10.1086/323426},
   adsurl = {http://adsabs.harvard.edu/abs/2001ApJ...562...52M},
  adsnote = {Provided by the SAO/NASA Astrophysics Data System}
}

@ARTICLE{2002ApJ...567L.103T,
   author = {{Theuns}, T. and {Schaye}, J. and {Zaroubi}, S. and {Kim}, T.-S. and 
	{Tzanavaris}, P. and {Carswell}, B.},
    title = "{Constraints on Reionization from the Thermal History of the Intergalactic Medium}",
  journal = {\apjl},
   eprint = {astro-ph/0201514},
 keywords = {Cosmology: Observations, Cosmology: Theory, Galaxies: Formation, Galaxies: Intergalactic Medium, Galaxies: Quasars: Absorption Lines},
     year = 2002,
    month = mar,
   volume = 567,
    pages = {L103-L106},
      doi = {10.1086/339998},
   adsurl = {http://adsabs.harvard.edu/abs/2002ApJ...567L.103T},
  adsnote = {Provided by the SAO/NASA Astrophysics Data System}
}

@ARTICLE{2000ApJ...534...57B,
   author = {{Bryan}, G.~L. and {Machacek}, M.~E.},
    title = "{The B Distribution of the Ly{$\alpha$} Forest: Probing Cosmology and the Intergalactic Medium}",
  journal = {\apj},
   eprint = {astro-ph/9906459},
 keywords = {COSMOLOGY: THEORY, GALAXIES: INTERGALACTIC MEDIUM, GALAXIES: QUASARS: ABSORPTION LINES},
     year = 2000,
    month = may,
   volume = 534,
    pages = {57-68},
      doi = {10.1086/308735},
   adsurl = {http://adsabs.harvard.edu/abs/2000ApJ...534...57B},
  adsnote = {Provided by the SAO/NASA Astrophysics Data System}
}

@ARTICLE{2000ApJ...534...41R,
   author = {{Ricotti}, M. and {Gnedin}, N.~Y. and {Shull}, J.~M.},
    title = "{The Evolution of the Effective Equation of State of the Intergalactic Medium}",
  journal = {\apj},
   eprint = {astro-ph/9906413},
 keywords = {COSMOLOGY: THEORY, EQUATION OF STATE, GALAXIES: INTERGALACTIC MEDIUM, GALAXIES: QUASARS: ABSORPTION LINES},
     year = 2000,
    month = may,
   volume = 534,
    pages = {41-56},
      doi = {10.1086/308733},
   adsurl = {http://adsabs.harvard.edu/abs/2000ApJ...534...41R},
  adsnote = {Provided by the SAO/NASA Astrophysics Data System}
}

@ARTICLE{2000MNRAS.315..600T,
   author = {{Theuns}, T. and {Schaye}, J. and {Haehnelt}, M.~G.},
    title = "{Broadening of QSO Ly{$\alpha$} forest absorbers}",
  journal = {\mnras},
   eprint = {astro-ph/9908288},
 keywords = {HYDRODYNAMICS, INTERGALACTIC MEDIUM, QUASARS: ABSORPTION LINES, COSMOLOGY: THEORY, LARGE-SCALE STRUCTURE OF UNIVERSE},
     year = 2000,
    month = jul,
   volume = 315,
    pages = {600-610},
      doi = {10.1046/j.1365-8711.2000.03423.x},
   adsurl = {http://adsabs.harvard.edu/abs/2000MNRAS.315..600T},
  adsnote = {Provided by the SAO/NASA Astrophysics Data System}
}

@ARTICLE{1998MNRAS.298L..21H,
   author = {{Haehnelt}, M.~G. and {Steinmetz}, M.},
    title = "{Probing the thermal history of the intergalactic medium with Lyalpha absorption lines}",
  journal = {\mnras},
   eprint = {astro-ph/9706296},
 keywords = {INTERGALACTIC MEDIUM, QUASARS: ABSORPTION LINES, COSMOLOGY: OBSERVATIONS, COSMOLOGY: THEORY},
     year = 1998,
    month = jul,
   volume = 298,
    pages = {L21-L24},
      doi = {10.1046/j.1365-8711.1998.01879.x},
   adsurl = {http://adsabs.harvard.edu/abs/1998MNRAS.298L..21H},
  adsnote = {Provided by the SAO/NASA Astrophysics Data System}
}

@ARTICLE{2014arXiv1405.1072L,
   author = {{Lee}, K.-G. and {Hennawi}, J.~P. and {Spergel}, D.~N. and {Weinberg}, D.~H. and 
	{Hogg}, D.~W. and {Viel}, M. and {Bolton}, J.~S. and {Bailey}, S. and 
	{Pieri}, M.~M. and {Carithers}, W. and {Schlegel}, D.~J. and 
	{Lundgren}, B. and {Palanque-Delabrouille}, N. and {Suzuki}, N. and 
	{Schneider}, D.~P. and {Yeche}, C.},
    title = "{IGM Constraints from the SDSS-III/BOSS DR9 Ly-alpha Forest Flux Probability Distribution Function}",
  journal = {ArXiv e-prints},
archivePrefix = "arXiv",
   eprint = {1405.1072},
 keywords = {Astrophysics - Cosmology and Nongalactic Astrophysics},
     year = 2014,
    month = may,
   adsurl = {http://adsabs.harvard.edu/abs/2014arXiv1405.1072L},
  adsnote = {Provided by the SAO/NASA Astrophysics Data System}
}

@ARTICLE{2003ApJ...596....9H,
   author = {{Hui}, L. and {Haiman}, Z.},
    title = "{The Thermal Memory of Reionization History}",
  journal = {\apj},
   eprint = {astro-ph/0302439},
 keywords = {Cosmology: Cosmic Microwave Background, Cosmology: Theory, Galaxies: Intergalactic Medium, Galaxies: Quasars: Absorption Lines},
     year = 2003,
    month = oct,
   volume = 596,
    pages = {9-18},
      doi = {10.1086/377229},
   adsurl = {http://adsabs.harvard.edu/abs/2003ApJ...596....9H},
  adsnote = {Provided by the SAO/NASA Astrophysics Data System}
}

@ARTICLE{2014arXiv1405.7405W,
   author = {{Worseck}, G. and {Prochaska}, J.~X. and {Hennawi}, J.~F. and 
	{McQuinn}, M.},
    title = "{Early and Extended Helium Reionization Over More Than 600 Million Years of Cosmic Time}",
  journal = {ArXiv e-prints},
archivePrefix = "arXiv",
   eprint = {1405.7405},
 keywords = {Astrophysics - Cosmology and Nongalactic Astrophysics},
     year = 2014,
    month = may,
   adsurl = {http://adsabs.harvard.edu/abs/2014arXiv1405.7405W},
  adsnote = {Provided by the SAO/NASA Astrophysics Data System}
}

@ARTICLE{2012AJ....143..100S,
   author = {{Syphers}, D. and {Anderson}, S.~F. and {Zheng}, W. and {Meiksin}, A. and 
	{Schneider}, D.~P. and {York}, D.~G.},
    title = "{HST/COS Observations of Thirteen New He II Quasars}",
  journal = {\aj},
archivePrefix = "arXiv",
   eprint = {1202.0236},
 primaryClass = "astro-ph.CO",
 keywords = {galaxies: active, intergalactic medium, quasars: general, ultraviolet: galaxies},
     year = 2012,
    month = apr,
   volume = 143,
      eid = {100},
    pages = {100},
      doi = {10.1088/0004-6256/143/4/100},
   adsurl = {http://adsabs.harvard.edu/abs/2012AJ....143..100S},
  adsnote = {Provided by the SAO/NASA Astrophysics Data System}
}

@ARTICLE{2010ApJ...722.1312S,
   author = {{Shull}, J.~M. and {France}, K. and {Danforth}, C.~W. and {Smith}, B. and 
	{Tumlinson}, J.},
    title = "{HST/COS Observations of the Quasar HE 2347-4342: Probing the Epoch of He II Patchy Reionization at Redshifts z = 2.4-2.9}",
  journal = {\apj},
 keywords = {dark ages, reionization, first stars, galaxies: active, intergalactic medium, quasars: absorption lines, quasars: individual: HE 2347-4342, ultraviolet: general},
     year = 2010,
    month = oct,
   volume = 722,
    pages = {1312-1324},
      doi = {10.1088/0004-637X/722/2/1312},
   adsurl = {http://adsabs.harvard.edu/abs/2010ApJ...722.1312S},
  adsnote = {Provided by the SAO/NASA Astrophysics Data System}
}

@BOOK{2008gady.book.....B,
   author = {{Binney}, J. and {Tremaine}, S.},
    title = "{Galactic Dynamics: Second Edition}",
booktitle = {Galactic Dynamics: Second Edition, by James Binney and Scott Tremaine.~ISBN 978-0-691-13026-2 (HB).~Published by Princeton University Press, Princeton, NJ USA, 2008.},
     year = 2008,
publisher = {Princeton University Press},
   adsurl = {http://adsabs.harvard.edu/abs/2008gady.book.....B},
  adsnote = {Provided by the SAO/NASA Astrophysics Data System}
}

@ARTICLE{1998MNRAS.296...44G,
   author = {{Gnedin}, N.~Y. and {Hui}, L.},
    title = "{Probing the Universe with the Lyalpha forest - I. Hydrodynamics of the low-density intergalactic medium}",
  journal = {\mnras},
   eprint = {astro-ph/9706219},
 keywords = {HYDRODYNAMICS, METHODS: NUMERICAL, INTERGALACTIC MEDIUM, QUASARS: ABSORPTION LINES, COSMOLOGY: THEORY},
     year = 1998,
    month = may,
   volume = 296,
    pages = {44-55},
      doi = {10.1046/j.1365-8711.1998.01249.x},
   adsurl = {http://adsabs.harvard.edu/abs/1998MNRAS.296...44G},
  adsnote = {Provided by the SAO/NASA Astrophysics Data System}
}

@ARTICLE{2003ApJ...583..525G,
   author = {{Gnedin}, N.~Y. and {Baker}, E.~J. and {Bethell}, T.~J. and 
	{Drosback}, M.~M. and {Harford}, A.~G. and {Hicks}, A.~K. and 
	{Jensen}, A.~G. and {Keeney}, B.~A. and {Kelso}, C.~M. and {Neyrinck}, M.~C. and 
	{Pollack}, S.~E. and {van Vliet}, T.~P.},
    title = "{Linear Gas Dynamics in the Expanding Universe}",
  journal = {\apj},
   eprint = {astro-ph/0206421},
 keywords = {Cosmology: Cosmic Microwave Background, Cosmology: Theory, Galaxies: Formation, Galaxies: Intergalactic Medium, Cosmology: Large-Scale Structure of Universe},
     year = 2003,
    month = feb,
   volume = 583,
    pages = {525-528},
      doi = {10.1086/345424},
   adsurl = {http://adsabs.harvard.edu/abs/2003ApJ...583..525G},
  adsnote = {Provided by the SAO/NASA Astrophysics Data System}
}

@ARTICLE{1997ApJ...479..523B,
   author = {{Bi}, H. and {Davidsen}, A.~F.},
    title = "{Evolution of Structure in the Intergalactic Medium and the Nature of the Ly{$\alpha$} Forest}",
  journal = {\apj},
   eprint = {astro-ph/9611062},
 keywords = {cosmology: large-scale structure of universe, Cosmology: Dark Matter, Hydrodynamics, Galaxies: Intergalactic Medium, Galaxies: Quasars: Absorption Lines},
     year = 1997,
    month = apr,
   volume = 479,
    pages = {523-542},
   adsurl = {http://adsabs.harvard.edu/abs/1997ApJ...479..523B},
  adsnote = {Provided by the SAO/NASA Astrophysics Data System}
}

@ARTICLE{1992A&A...266....1B,
   author = {{Bi}, H.~G. and {Boerner}, G. and {Chu}, Y.},
    title = "{An alternative model for the Ly-alpha absorption forest}",
  journal = {\aap},
 keywords = {Absorption Spectra, Cosmology, Lyman Alpha Radiation, Stellar Models, Astronomical Models, Astronomical Spectroscopy, Computational Astrophysics, Emission Spectra, Nuclear Astrophysics},
     year = 1992,
    month = dec,
   volume = 266,
    pages = {1-5},
   adsurl = {http://adsabs.harvard.edu/abs/1992A%26A...266....1B},
  adsnote = {Provided by the SAO/NASA Astrophysics Data System}
}

@ARTICLE{1998ApJ...495...44C,
   author = {{Croft}, R.~A.~C. and {Weinberg}, D.~H. and {Katz}, N. and {Hernquist}, L.
	},
    title = "{Recovery of the Power Spectrum of Mass Fluctuations from Observations of the Ly{$\alpha$} Forest}",
  journal = {\apj},
   eprint = {astro-ph/9708018},
 keywords = {GALAXIES: QUASARS: ABSORPTION LINES, GALAXIES: FORMATION, COSMOLOGY: LARGE-SCALE STRUCTURE OF UNIVERSE, COSMOLOGY: THEORY, METHODS: NUMERICAL, Cosmology: Theory, Galaxies: Formation, Cosmology: Large-Scale Structure of Universe, Methods: Numerical, Galaxies: Quasars: Absorption Lines},
     year = 1998,
    month = mar,
   volume = 495,
    pages = {44-62},
      doi = {10.1086/305289},
   adsurl = {http://adsabs.harvard.edu/abs/1998ApJ...495...44C},
  adsnote = {Provided by the SAO/NASA Astrophysics Data System}
}

@ARTICLE{1995A&A...295L...9P,
   author = {{Petitjean}, P. and {Mueket}, J.~P. and {Kates}, R.~E.},
    title = "{The LY alpha forest at low redshift: Tracing the dark matter filaments}",
  journal = {\aap},
   eprint = {astro-ph/9502100},
 keywords = {Astronomical Models, Cooling Flows (Astrophysics), Dark Matter, Lyman Alpha Radiation, Molecular Clouds, Red Shift, Baryons, Brightness Distribution, Hubble Space Telescope, Luminosity, Photoionization, Quasars},
     year = 1995,
    month = mar,
   volume = 295,
    pages = {L9-L12},
   adsurl = {http://adsabs.harvard.edu/abs/1995A%26A...295L...9P},
  adsnote = {Provided by the SAO/NASA Astrophysics Data System}
}

@ARTICLE{2001MNRAS.324..141M,
   author = {{Meiksin}, A. and {White}, M.},
    title = "{Particle-mesh simulations of the Ly{$\alpha$} forest}",
  journal = {\mnras},
   eprint = {astro-ph/0008214},
 keywords = {METHODS: NUMERICAL, INTERGALACTIC MEDIUM, QUASARS: ABSORPTION LINES},
     year = 2001,
    month = jun,
   volume = 324,
    pages = {141-148},
      doi = {10.1046/j.1365-8711.2001.04264.x},
   adsurl = {http://adsabs.harvard.edu/abs/2001MNRAS.324..141M},
  adsnote = {Provided by the SAO/NASA Astrophysics Data System}
}

@ARTICLE{2001MNRAS.322..561C,
   author = {{Choudhury}, T.~R. and {Padmanabhan}, T. and {Srianand}, R.},
    title = "{Semi-analytic approach to understanding the distribution of neutral hydrogen in the Universe}",
  journal = {\mnras},
   eprint = {astro-ph/0005252},
 keywords = {INTERGALACTIC MEDIUM, QUASARS: ABSORPTION LINES, LARGE-SCALE STRUCTURE OF UNIVERSE},
     year = 2001,
    month = apr,
   volume = 322,
    pages = {561-575},
      doi = {10.1046/j.1365-8711.2001.04108.x},
   adsurl = {http://adsabs.harvard.edu/abs/2001MNRAS.322..561C},
  adsnote = {Provided by the SAO/NASA Astrophysics Data System}
}

@ARTICLE{2001ApJ...559...29C,
   author = {{Choudhury}, T.~R. and {Srianand}, R. and {Padmanabhan}, T.},
    title = "{Semianalytic Approach to Understanding the Distribution of Neutral Hydrogen in the Universe: Comparison of Simulations with Observations}",
  journal = {\apj},
   eprint = {astro-ph/0012498},
 keywords = {Galaxies: Intergalactic Medium, Cosmology: Large-Scale Structure of Universe, Galaxies: Quasars: Absorption Lines},
     year = 2001,
    month = sep,
   volume = 559,
    pages = {29-40},
      doi = {10.1086/322327},
   adsurl = {http://adsabs.harvard.edu/abs/2001ApJ...559...29C},
  adsnote = {Provided by the SAO/NASA Astrophysics Data System}
}

@ARTICLE{1995ApJ...449..476R,
   author = {{Reisenegger}, A. and {Miralda-Escude}, J.},
    title = "{The Gunn-Peterson Effect from Underdense Regions in a Photoionized Intergalactic Medium}",
  journal = {\apj},
   eprint = {astro-ph/9502063},
 keywords = {COSMOLOGY: LARGE-SCALE STRUCTURE OF UNIVERSE, GALAXIES: INTERGALACTIC MEDIUM, GALAXIES: QUASARS: ABSORPTION LINES},
     year = 1995,
    month = aug,
   volume = 449,
    pages = {476},
      doi = {10.1086/176072},
   adsurl = {http://adsabs.harvard.edu/abs/1995ApJ...449..476R},
  adsnote = {Provided by the SAO/NASA Astrophysics Data System}
}

@ARTICLE{2005MNRAS.364.1105S,
   author = {{Springel}, V.},
    title = "{The cosmological simulation code GADGET-2}",
  journal = {\mnras},
   eprint = {astro-ph/0505010},
 keywords = {methods: numerical, galaxies: interactions, dark matter},
     year = 2005,
    month = dec,
   volume = 364,
    pages = {1105-1134},
      doi = {10.1111/j.1365-2966.2005.09655.x},
   adsurl = {http://adsabs.harvard.edu/abs/2005MNRAS.364.1105S},
  adsnote = {Provided by the SAO/NASA Astrophysics Data System}
}

@ARTICLE{2001NewA....6...79S,
   author = {{Springel}, V. and {Yoshida}, N. and {White}, S.~D.~M.},
    title = "{GADGET: a code for collisionless and gasdynamical cosmological simulations}",
  journal = {\na},
   eprint = {astro-ph/0003162},
     year = 2001,
    month = apr,
   volume = 6,
    pages = {79-117},
      doi = {10.1016/S1384-1076(01)00042-2},
   adsurl = {http://adsabs.harvard.edu/abs/2001NewA....6...79S},
  adsnote = {Provided by the SAO/NASA Astrophysics Data System}
}

@ARTICLE{1996ApJ...461...20H,
   author = {{Haardt}, F. and {Madau}, P.},
    title = "{Radiative Transfer in a Clumpy Universe. II. The Ultraviolet Extragalactic Background}",
  journal = {\apj},
   eprint = {astro-ph/9509093},
 keywords = {COSMOLOGY: THEORY, COSMOLOGY: DIFFUSE RADIATION, GALAXIES: INTERGALACTIC MEDIUM, GALAXIES: QUASARS: ABSORPTION LINES, RADIATIVE TRANSFER},
     year = 1996,
    month = apr,
   volume = 461,
    pages = {20},
      doi = {10.1086/177035},
   adsurl = {http://adsabs.harvard.edu/abs/1996ApJ...461...20H},
  adsnote = {Provided by the SAO/NASA Astrophysics Data System}
}

@ARTICLE{1993ApJS...88..253S,
   author = {{Sutherland}, R.~S. and {Dopita}, M.~A.},
    title = "{Cooling functions for low-density astrophysical plasmas}",
  journal = {\apjs},
 keywords = {Cooling Flows (Astrophysics), Cosmic Plasma, Nonequilibrium Ionization, One Dimensional Flow, Plasma Slabs, Radiative Transfer, Charge Exchange, Electron Impact, Grid Generation (Mathematics), Hydrogen Recombinations, Ionization, Mathematical Models, Metallicity, Photoionization, Radiative Recombination, Rarefied Plasmas, Resonance Lines},
     year = 1993,
    month = sep,
   volume = 88,
    pages = {253-327},
      doi = {10.1086/191823},
   adsurl = {http://adsabs.harvard.edu/abs/1993ApJS...88..253S},
  adsnote = {Provided by the SAO/NASA Astrophysics Data System}
}

@ARTICLE{1986ApJ...301..522I,
   author = {{Ikeuchi}, S. and {Ostriker}, J.~P.},
    title = "{Evolution of the intergalactic medium - What happened during the epoch Z = 3-10?}",
  journal = {\apj},
 keywords = {Cosmology, Galactic Evolution, Intergalactic Media, Universe, Fragmentation, Gravitational Collapse, Lyman Alpha Radiation, Optical Thickness, Photoionization, Shock Heating},
     year = 1986,
    month = feb,
   volume = 301,
    pages = {522-543},
      doi = {10.1086/163921},
   adsurl = {http://adsabs.harvard.edu/abs/1986ApJ...301..522I},
  adsnote = {Provided by the SAO/NASA Astrophysics Data System}
}

@ARTICLE{1996ApJS..105...19K,
   author = {{Katz}, N. and {Weinberg}, D.~H. and {Hernquist}, L.},
    title = "{Cosmological Simulations with TreeSPH}",
  journal = {\apjs},
   eprint = {astro-ph/9509107},
 keywords = {METHODS: NUMERICAL, HYDRODYNAMICS, GALAXIES: FORMATION, COSMOLOGY: LARGE-SCALE STRUCTURE OF UNIVERSE, COSMOLOGY: THEORY, COSMOLOGY: DARK MATTER},
     year = 1996,
    month = jul,
   volume = 105,
    pages = {19},
      doi = {10.1086/192305},
   adsurl = {http://adsabs.harvard.edu/abs/1996ApJS..105...19K},
  adsnote = {Provided by the SAO/NASA Astrophysics Data System}
}

@ARTICLE{2009MNRAS.398L..26B,
   author = {{Bolton}, J.~S. and {Becker}, G.~D.},
    title = "{Resolving the high redshift Ly{$\alpha$} forest in smoothed particle hydrodynamics simulations}",
  journal = {\mnras},
archivePrefix = "arXiv",
   eprint = {0906.2861},
 primaryClass = "astro-ph.CO",
 keywords = {methods: numerical, intergalactic medium, quasars: absorption lines},
     year = 2009,
    month = sep,
   volume = 398,
    pages = {L26-L30},
      doi = {10.1111/j.1745-3933.2009.00700.x},
   adsurl = {http://adsabs.harvard.edu/abs/2009MNRAS.398L..26B},
  adsnote = {Provided by the SAO/NASA Astrophysics Data System}
}

@ARTICLE{2004MNRAS.354..684V,
   author = {{Viel}, M. and {Haehnelt}, M.~G. and {Springel}, V.},
    title = "{Inferring the dark matter power spectrum from the Lyman {$\alpha$} forest in high-resolution QSO absorption spectra}",
  journal = {\mnras},
   eprint = {astro-ph/0404600},
 keywords = {intergalactic medium, quasars: absorption lines, large-scale structure of Universe},
     year = 2004,
    month = nov,
   volume = 354,
    pages = {684-694},
      doi = {10.1111/j.1365-2966.2004.08224.x},
   adsurl = {http://adsabs.harvard.edu/abs/2004MNRAS.354..684V},
  adsnote = {Provided by the SAO/NASA Astrophysics Data System}
}

@ARTICLE{2009MNRAS.393..723T,
   author = {{Tytler}, D. and {Paschos}, P. and {Kirkman}, D. and {Norman}, M.~L. and 
	{Jena}, T.},
    title = "{The effect of large-scale power on simulated spectra of the Ly{$\alpha$} forest}",
  journal = {\mnras},
archivePrefix = "arXiv",
   eprint = {0711.2529},
 keywords = {methods: numerical , intergalactic medium , quasars: absorption lines , cosmology: observations},
     year = 2009,
    month = mar,
   volume = 393,
    pages = {723-758},
      doi = {10.1111/j.1365-2966.2008.14196.x},
   adsurl = {http://adsabs.harvard.edu/abs/2009MNRAS.393..723T},
  adsnote = {Provided by the SAO/NASA Astrophysics Data System}
}

@ARTICLE{2006MNRAS.365..231V,
   author = {{Viel}, M. and {Haehnelt}, M.~G.},
    title = "{Cosmological and astrophysical parameters from the Sloan Digital Sky Survey flux power spectrum and hydrodynamical simulations of the Lyman {$\alpha$} forest}",
  journal = {\mnras},
   eprint = {astro-ph/0508177},
 keywords = {intergalactic medium, quasars: absorption lines, cosmological parameters, large-scale structure of Universe},
     year = 2006,
    month = jan,
   volume = 365,
    pages = {231-244},
      doi = {10.1111/j.1365-2966.2005.09703.x},
   adsurl = {http://adsabs.harvard.edu/abs/2006MNRAS.365..231V},
  adsnote = {Provided by the SAO/NASA Astrophysics Data System}
}

@ARTICLE{2005ApJ...635..761M,
   author = {{McDonald}, P. and {Seljak}, U. and {Cen}, R. and {Shih}, D. and 
	{Weinberg}, D.~H. and {Burles}, S. and {Schneider}, D.~P. and 
	{Schlegel}, D.~J. and {Bahcall}, N.~A. and {Briggs}, J.~W. and 
	{Brinkmann}, J. and {Fukugita}, M. and {Ivezi{\'c}}, {\v Z}. and 
	{Kent}, S. and {Vanden Berk}, D.~E.},
    title = "{The Linear Theory Power Spectrum from the Ly{$\alpha$} Forest in the Sloan Digital Sky Survey}",
  journal = {\apj},
   eprint = {astro-ph/0407377},
 keywords = {Cosmology: Theory, Galaxies: Intergalactic Medium, Cosmology: Large-Scale Structure of Universe, Galaxies: Quasars: Absorption Lines},
     year = 2005,
    month = dec,
   volume = 635,
    pages = {761-783},
      doi = {10.1086/497563},
   adsurl = {http://adsabs.harvard.edu/abs/2005ApJ...635..761M},
  adsnote = {Provided by the SAO/NASA Astrophysics Data System}
}

@ARTICLE{1999ApJ...517...13B,
   author = {{Bryan}, G.~L. and {Machacek}, M. and {Anninos}, P. and {Norman}, M.~L.
	},
    title = "{Resolving the Ly{$\alpha$} Forest}",
  journal = {\apj},
   eprint = {astro-ph/9805340},
 keywords = {COSMOLOGY: THEORY, GALAXIES: INTERGALACTIC MEDIUM, LINE: PROFILES, GALAXIES: QUASARS: ABSORPTION LINES, Cosmology: Theory, Galaxies: Intergalactic Medium, Line: Profiles, Galaxies: Quasars: Absorption Lines},
     year = 1999,
    month = may,
   volume = 517,
    pages = {13-30},
      doi = {10.1086/307173},
   adsurl = {http://adsabs.harvard.edu/abs/1999ApJ...517...13B},
  adsnote = {Provided by the SAO/NASA Astrophysics Data System}
}

@ARTICLE{2008ApJ...687..738C,
   author = {{Cui}, W. and {Liu}, L. and {Yang}, X. and {Wang}, Y. and {Feng}, L. and 
	{Springel}, V.},
    title = "{An Ideal Mass Assignment Scheme for Measuring the Power Spectrum with Fast Fourier Transforms}",
  journal = {\apj},
archivePrefix = "arXiv",
   eprint = {0804.0070},
 keywords = {Cosmology: Theory, Cosmology: Large-Scale Structure of Universe, Methods: Data Analysis, Methods: Numerical},
     year = 2008,
    month = nov,
   volume = 687,
    pages = {738-744},
      doi = {10.1086/592079},
   adsurl = {http://adsabs.harvard.edu/abs/2008ApJ...687..738C},
  adsnote = {Provided by the SAO/NASA Astrophysics Data System}
}

@ARTICLE{2005ApJ...620..559J,
   author = {{Jing}, Y.~P.},
    title = "{Correcting for the Alias Effect When Measuring the Power Spectrum Using a Fast Fourier Transform}",
  journal = {\apj},
   eprint = {astro-ph/0409240},
 keywords = {Galaxies: Clusters: General, Cosmology: Large-Scale Structure of Universe, Methods: Data Analysis, Methods: Statistical},
     year = 2005,
    month = feb,
   volume = 620,
    pages = {559-563},
      doi = {10.1086/427087},
   adsurl = {http://adsabs.harvard.edu/abs/2005ApJ...620..559J},
  adsnote = {Provided by the SAO/NASA Astrophysics Data System}
}

@ARTICLE{2010MNRAS.404.1281P,
   author = {{Peeples}, M.~S. and {Weinberg}, D.~H. and {Dav{\'e}}, R. and 
	{Fardal}, M.~A. and {Katz}, N.},
    title = "{Pressure support versus thermal broadening in the Lyman {$\alpha$} forest - I. Effects of the equation of state on longitudinal structure}",
  journal = {\mnras},
archivePrefix = "arXiv",
   eprint = {0910.0256},
 primaryClass = "astro-ph.CO",
 keywords = {methods: numerical, intergalactic medium, cosmology: miscellaneous, cosmology: theory},
     year = 2010,
    month = may,
   volume = 404,
    pages = {1281-1294},
      doi = {10.1111/j.1365-2966.2010.16383.x},
   adsurl = {http://adsabs.harvard.edu/abs/2010MNRAS.404.1281P},
  adsnote = {Provided by the SAO/NASA Astrophysics Data System}
}

@ARTICLE{2013MNRAS.436.1023B,
   author = {{Becker}, G.~D. and {Bolton}, J.~S.},
    title = "{New measurements of the ionizing ultraviolet background over 2 {\lt} z {\lt} 5 and implications for hydrogen reionization}",
  journal = {\mnras},
archivePrefix = "arXiv",
   eprint = {1307.2259},
 primaryClass = "astro-ph.CO",
 keywords = {galaxies: high-redshift, intergalactic medium, quasars: absorption lines, cosmic background radiation, cosmology: observations, dark ages, reionization, first stars},
     year = 2013,
    month = dec,
   volume = 436,
    pages = {1023-1039},
      doi = {10.1093/mnras/stt1610},
   adsurl = {http://adsabs.harvard.edu/abs/2013MNRAS.436.1023B},
  adsnote = {Provided by the SAO/NASA Astrophysics Data System}
}

@ARTICLE{2014arXiv1410.1531P,
   author = {{Puchwein}, E. and {Bolton}, J.~S. and {Haehnelt}, M.~G. and 
	{Madau}, P. and {Becker}, G.~D.},
    title = "{The photoheating of the intergalactic medium in synthesis models of the UV background}",
  journal = {ArXiv e-prints},
archivePrefix = "arXiv",
   eprint = {1410.1531},
 keywords = {Astrophysics - Cosmology and Nongalactic Astrophysics, Astrophysics - Astrophysics of Galaxies},
     year = 2014,
    month = oct,
   adsurl = {http://adsabs.harvard.edu/abs/2014arXiv1410.1531P},
  adsnote = {Provided by the SAO/NASA Astrophysics Data System}
}

@ARTICLE{2013ApJS..208...19H,
   author = {{Hinshaw}, G. and {Larson}, D. and {Komatsu}, E. and {Spergel}, D.~N. and 
	{Bennett}, C.~L. and {Dunkley}, J. and {Nolta}, M.~R. and {Halpern}, M. and 
	{Hill}, R.~S. and {Odegard}, N. and {Page}, L. and {Smith}, K.~M. and 
	{Weiland}, J.~L. and {Gold}, B. and {Jarosik}, N. and {Kogut}, A. and 
	{Limon}, M. and {Meyer}, S.~S. and {Tucker}, G.~S. and {Wollack}, E. and 
	{Wright}, E.~L.},
    title = "{Nine-year Wilkinson Microwave Anisotropy Probe (WMAP) Observations: Cosmological Parameter Results}",
  journal = {\apjs},
archivePrefix = "arXiv",
   eprint = {1212.5226},
 primaryClass = "astro-ph.CO",
 keywords = {cosmic background radiation, cosmology: observations, dark matter, early universe, instrumentation: detectors, space vehicles, space vehicles: instruments, telescopes },
     year = 2013,
    month = oct,
   volume = 208,
      eid = {19},
    pages = {19},
      doi = {10.1088/0067-0049/208/2/19},
   adsurl = {http://adsabs.harvard.edu/abs/2013ApJS..208...19H},
  adsnote = {Provided by the SAO/NASA Astrophysics Data System}
}

@ARTICLE{2010PhRvD..81d7503L,
   author = {{Loeb}, A.},
    title = "{Electromagnetic signature of supermassive black hole binaries that enter their gravitational-wave induced inspiral}",
  journal = {\prd},
archivePrefix = "arXiv",
   eprint = {0909.0261},
 primaryClass = "astro-ph.CO",
 keywords = {Numerical studies of black holes and black-hole binaries, Quasars, Galactic nuclei circumnuclear matter and bulges, Intergalactic matter, quasar absorption and emission-line systems, Lyman forest},
     year = 2010,
    month = feb,
   volume = 81,
   number = 4,
      eid = {047503},
    pages = {047503},
      doi = {10.1103/PhysRevD.81.047503},
   adsurl = {http://adsabs.harvard.edu/abs/2010PhRvD..81d7503L},
  adsnote = {Provided by the SAO/NASA Astrophysics Data System}
}

@ARTICLE{2010ApJ...712.1129M,
   author = {{Morgan}, C.~W. and {Kochanek}, C.~S. and {Morgan}, N.~D. and 
	{Falco}, E.~E.},
    title = "{The Quasar Accretion Disk Size-Black Hole Mass Relation}",
  journal = {\apj},
archivePrefix = "arXiv",
   eprint = {0707.0305},
 keywords = {accretion, accretion disks, dark matter, gravitational lensing: micro, gravitational lensing: strong, quasars: general},
     year = 2010,
    month = apr,
   volume = 712,
    pages = {1129-1136},
      doi = {10.1088/0004-637X/712/2/1129},
   adsurl = {http://adsabs.harvard.edu/abs/2010ApJ...712.1129M},
  adsnote = {Provided by the SAO/NASA Astrophysics Data System}
}
